@article{box2013greenland,
  title={Greenland ice sheet mass balance reconstruction. Part III: Marine ice loss and total mass balance (1840--2010)},
  author={Box, Jason E and Colgan, William},
  journal={Journal of Climate},
  volume={26},
  number={18},
  pages={6990--7002},
  year={2013}
}
@article{bamber2012recent,
  title={Recent large increases in freshwater fluxes from Greenland into the North Atlantic},
  author={Bamber, Jonathan and den Broeke, Michiel and Ettema, Janneke and Lenaerts, Jan and Rignot, Eric},
  journal={Geophysical Research Letters},
  volume={39},
  number={19},
  year={2012},
  publisher={Wiley Online Library}
}
@article{enderlin2014improved,
  title={An improved mass budget for the Greenland ice sheet},
  author={Enderlin, Ellyn M and Howat, Ian M and Jeong, Seongsu and Noh, Myoung-Jong and Angelen, Jan H and Broeke, Michiel R},
  journal={Geophysical Research Letters},
  volume={41},
  number={3},
  pages={866--872},
  year={2014},
  publisher={Wiley Online Library}
}
@article{zhang2003modeling,
  title={Modeling global sea ice with a thickness and enthalpy distribution model in generalized curvilinear coordinates},
  author={Zhang, Jinlun and Rothrock, DA},
  journal={Monthly Weather Review},
  volume={131},
  number={5},
  pages={845--861},
  year={2003}
}
@article{good2013en4,
  title={EN4: quality controlled ocean temperature and salinity profiles and monthly objective analyses with uncertainty estimates},
  author={Good, Simon A and Martin, Matthew J and Rayner, Nick A},
  journal={Journal of Geophysical Research: Oceans},
  volume={118},
  number={12},
  pages={6704--6716},
  year={2013},
  publisher={Wiley Online Library}
}
@article{lenaerts2013irreversible,
  title={Irreversible mass loss of Canadian Arctic Archipelago glaciers},
  author={Lenaerts, Jan and Angelen, Jan H and Broeke, Michiel R and Gardner, Alex S and Wouters, Bert and Meijgaard, Erik},
  journal={Geophysical Research Letters},
  volume={40},
  number={5},
  pages={870--874},
  year={2013},
  publisher={Wiley Online Library}
}
@article{gardner2011sharply,
  title={Sharply increased mass loss from glaciers and ice caps in the Canadian Arctic Archipelago},
  author={Gardner, Alex S and Moholdt, Geir and Wouters, Bert and Wolken, Gabriel J and Burgess, David O and Sharp, Martin J and Cogley, J Graham and Braun, Carsten and Labine, Claude},
  journal={Nature},
  volume={473},
  number={7347},
  pages={357--360},
  year={2011},
  publisher={Nature Publishing Group}
}
@article{haine2015arctic,
  title={Arctic freshwater export: Status, mechanisms, and prospects},
  author={Haine, Thomas WN and Curry, Beth and Gerdes, R{\"u}diger and Hansen, Edmond and Karcher, Michael and Lee, Craig and Rudels, Bert and Spreen, Gunnar and de Steur, Laura and Stewart, Kial D and others},
  journal={Global and Planetary Change},
  volume={125},
  pages={13--35},
  year={2015},
  publisher={Elsevier}
}
@article{aagaard1989role,
  title={The role of sea ice and other fresh water in the Arctic circulation},
  author={Aagaard, Ko and Carmack, Ee C},
  journal={Journal of Geophysical Research: Oceans (1978--2012)},
  volume={94},
  number={C10},
  pages={14485--14498},
  year={1989},
  publisher={Wiley Online Library}
}
@article{vavrus2012twenty,
  title={Twenty-first-century Arctic climate change in CCSM4},
  author={Vavrus, Stephen J and Holland, Marika M and Jahn, Alexandra and Bailey, David A and Blazey, Benjamin A},
  journal={Journal of Climate},
  volume={25},
  number={8},
  pages={2696--2710},
  year={2012}
}
@article{proshutinsky2015arctic,
  title={Arctic circulation regimes},
  author={Proshutinsky, Andrey and Dukhovskoy, Dmitry and Timmermans, Mary-Louise and Krishfield, Richard and Bamber, Jonathan L},
  journal={Phil. Trans. R. Soc. A},
  volume={373},
  number={2052},
  pages={20140160},
  year={2015},
  publisher={The Royal Society}
}
@article{fetterer2002app,
   author = {Fetterer, F. and Knowles, K. and Meier, W. and Savoie, M.},
   title = {Sea Ice Index},
   pages = {National Snow and Ice Data Center, Boulder, Colorado},
   DOI = {http://dx.doi.org/10.7265/N5QJ7F7W.},
   year = {2002, updated daily },
   type = {Journal Article}
}
@article{cavalieri200330,
  title={30-Year satellite record reveals contrasting Arctic and Antarctic decadal sea ice variability},
  author={Cavalieri, DJ and Parkinson, CL and Vinnikov, K Ya},
  journal={Geophysical Research Letters},
  volume={30},
  number={18},
  year={2003},
  publisher={Wiley Online Library}
}
@article{kwok2009thinning,
  title={Thinning and volume loss of the Arctic Ocean sea ice cover: 2003--2008},
  author={Kwok, R and Cunningham, GF and Wensnahan, M and Rigor, I and Zwally, HJ and Yi, D},
  journal={Journal of Geophysical Research: Oceans (1978--2012)},
  volume={114},
  number={C7},
  year={2009},
  publisher={Wiley Online Library}
}
@article{maslowski2012future,
  title={The future of Arctic sea ice},
  author={Maslowski, Wieslaw and Clement Kinney, Jaclyn and Higgins, Matthew and Roberts, Andrew},
  journal={Annual Review of Earth and Planetary Sciences},
  volume={40},
  pages={625--654},
  year={2012},
  publisher={Annual Reviews}
}
@article{comiso2008accelerated,
  title={Accelerated decline in the Arctic sea ice cover},
  author={Comiso, Josefino C and Parkinson, Claire L and Gersten, Robert and Stock, Larry},
  journal={Geophysical Research Letters},
  volume={35},
  number={1},
  year={2008},
  publisher={Wiley Online Library}
}
@book{durbin2012time,
  title={Time series analysis by state space methods},
  author={Durbin, James and Koopman, Siem Jan},
  number={38},
  year={2012},
  publisher={Oxford University Press}
}
@article{laine2014analysing,
  title={Analysing time-varying trends in stratospheric ozone time series using the state space approach},
  author={Laine, M and Latva-Pukkila, N and Kyr{\"o}l{\"a}, E},
  journal={Atmospheric Chemistry and Physics},
  volume={14},
  number={18},
  pages={9707--9725},
  year={2014},
  publisher={Copernicus GmbH}
}
@article{peterson2006trajectory,
  title={Trajectory shifts in the Arctic and subarctic freshwater cycle},
  author={Peterson, Bruce J and McClelland, James and Curry, Ruth and Holmes, Robert M and Walsh, John E and Aagaard, Knut},
  journal={Science},
  volume={313},
  number={5790},
  pages={1061--1066},
  year={2006},
  publisher={American Association for the Advancement of Science}
}
@article{bacon2015arctic,
  title={Arctic mass, freshwater and heat fluxes: methods and modelled seasonal variability},
  author={Bacon, Sheldon and Aksenov, Yevgeny and Fawcett, Stephen and Madec, Gurvan},
  journal={Phil. Trans. R. Soc. A},
  volume={373},
  number={2052},
  pages={20140169},
  year={2015},
  publisher={The Royal Society}
}
@article{dickson2007current,
  title={Current estimates of freshwater flux through Arctic and subarctic seas},
  author={Dickson, Robert and Rudels, Bert and Dye, Stephen and Karcher, Michael and Meincke, Jens and Yashayaev, Igor},
  journal={Progress in Oceanography},
  volume={73},
  number={3},
  pages={210--230},
  year={2007},
  publisher={Elsevier}
}
@article{vaage2013revised,
  title={Revised circulation scheme north of the Denmark Strait},
  author={V{\aa}ge, Kjetil and Pickart, Robert S and Spall, Michael A and Moore, GWK and Valdimarsson, H{\'e}{\dh}inn and Torres, Daniel J and Erofeeva, Svetlana Y and Nilsen, Jan Even {\O}},
  journal={Deep Sea Research Part I: Oceanographic Research Papers},
  volume={79},
  pages={20--39},
  year={2013},
  publisher={Elsevier}
}
@article{sutherland2008east,
  title={The East Greenland coastal current: Structure, variability, and forcing},
  author={Sutherland, David A and Pickart, Robert S},
  journal={Progress in Oceanography},
  volume={78},
  number={1},
  pages={58--77},
  year={2008},
  publisher={Elsevier}
}
@article{myers2007interdecadal,
  title={Interdecadal variability in Labrador Sea precipitation minus evaporation and salinity},
  author={Myers, Paul G and Josey, Simon A and Wheler, Brett and Kulan, Nilgun},
  journal={Progress in Oceanography},
  volume={73},
  number={3},
  pages={341--357},
  year={2007},
  publisher={Elsevier}
}
@article{myers2009structure,
  title={Structure and variability of the West Greenland Current in Summer derived from 6 repeat standard sections},
  author={Myers, Paul G and Donnelly, Chris and Ribergaard, Mads H},
  journal={Progress in Oceanography},
  volume={80},
  number={1},
  pages={93--112},
  year={2009},
  publisher={Elsevier}
}
@article{rykova2015seasonal,
  title={Seasonal and interannual variability of the West Greenland Current System in the Labrador Sea in 1993--2008},
  author={Rykova, Tatiana and Straneo, Fiammetta and Bower, Amy S},
  journal={Journal of Geophysical Research: Oceans},
  volume={120},
  number={2},
  pages={1318--1332},
  year={2015},
  publisher={Wiley Online Library}
}
@article{kawasaki2014effect,
  title={Effect of freshwater from the West Greenland Current on the winter deep convection in the Labrador Sea},
  author={Kawasaki, T and Hasumi, H},
  journal={Ocean Modelling},
  volume={75},
  pages={51--64},
  year={2014},
  publisher={Elsevier}
}
@article{saenko2014role,
  title={Role of resolved and parameterized eddies in the Labrador Sea balance of heat and buoyancy},
  author={Saenko, Oleg A and Dupont, Fr{\'e}d{\'e}ric and Yang, Duo and Myers, Paul G and Yashayaev, Igor and Smith, Gregory C},
  journal={Journal of Physical Oceanography},
  volume={44},
  number={12},
  pages={3008--3032},
  year={2014}
}
@article{curry2011volume,
  title={Volume, Freshwater, and Heat Fluxes through Davis Strait, 2004-05*},
  author={Curry, B and Lee, CM and Petrie, B},
  journal={Journal of Physical Oceanography},
  volume={41},
  number={3},
  pages={429--436},
  year={2011}
}
@article{curry2014multiyear,
  title={Multiyear Volume, Liquid Freshwater, and Sea Ice Transports through Davis Strait, 2004--10*},
  author={Curry, B and Lee, CM and Petrie, B and Moritz, RE and Kwok, R},
  journal={Journal of Physical Oceanography},
  volume={44},
  number={4},
  pages={1244--1266},
  year={2014}
}
@article{straneo2008outflow,
  title={The outflow from Hudson Strait and its contribution to the Labrador Current},
  author={Straneo, Fiammetta and Saucier, Fran{\c{c}}ois},
  journal={Deep Sea Research Part I: Oceanographic Research Papers},
  volume={55},
  number={8},
  pages={926--946},
  year={2008},
  publisher={Elsevier}
}
@article{st2011fate,
  title={What is the fate of the river waters of Hudson Bay?},
  author={St-Laurent, Pierre and Straneo, Fiamma and Dumais, J-F and Barber, David G},
  journal={Journal of Marine Systems},
  volume={88},
  number={3},
  pages={352--361},
  year={2011},
  publisher={Elsevier}
}
@article{myers2005impact,
  title={Impact of freshwater from the Canadian Arctic archipelago on Labrador Sea water formation},
  author={Myers, Paul G},
  journal={Geophysical Research Letters},
  volume={32},
  number={6},
  year={2005},
  publisher={Wiley Online Library}
}
@article{schmidt2007origin,
  title={Origin and composition of seasonal Labrador Sea freshwater},
  author={Schmidt, Sunke and Send, Uwe},
  journal={Journal of physical oceanography},
  volume={37},
  number={6},
  pages={1445--1454},
  year={2007}
}
@article{mcgeehan2011impact,
  title={Impact of shelf-basin freshwater transport on deep convection in the western Labrador Sea},
  author={McGeehan, Timothy and Maslowski, Wieslaw},
  journal={Journal of Physical Oceanography},
  volume={41},
  number={11},
  pages={2187--2210},
  year={2011}
}
@article{loder1998coastal,
  title={The coastal ocean off northeastern North America: A large-scale view},
  author={Loder, John W and Petrie, Brian and Gawarkiewicz, Glen},
  journal={The sea},
  volume={11},
  pages={105--133},
  year={1998},
  publisher={Regional Studies and Syntheses}
}
@article{fratantoni2007western,
  title={The western North Atlantic shelfbreak current system in summer},
  author={Fratantoni, Paula S and Pickart, Robert S},
  journal={Journal of Physical Oceanography},
  volume={37},
  number={10},
  pages={2509--2533},
  year={2007}
}
@article{fratantoni2010freshwater,
  title={Freshwater export from the Labrador Current to the North Atlantic Current at the Tail of the Grand Banks of Newfoundland},
  author={Fratantoni, Paula S and McCartney, Michael S},
  journal={Deep Sea Research Part I: Oceanographic Research Papers},
  volume={57},
  number={2},
  pages={258--283},
  year={2010},
  publisher={Elsevier}
}
@techreport{carstensen2011app,
	title={Weather and Climate Data from Greenland 1958-2010 Danish Meteorological Institute},
	author={Carstensen, LS and J{\o}rgensen, BV},
	year={2011},
	institution={Technical Report}
}
@article{darwin1882xlvi,
	title={XLVI. On variations in the vertical due to elasticity of the earth's surface},
	author={Darwin, GH},
	journal={The London, Edinburgh, and Dublin Philosophical Magazine and Journal of Science},
	volume={14},
	number={90},
	pages={409--427},
	year={1882},
	publisher={Taylor \& Francis}
}
@article{dong2002anatomy,
	title={Anatomy of apparent seasonal variations from GPS-derived site position time series},
	author={Dong, D and Fang, P and Bock, Y and Cheng, MK and Miyazaki, S},
	journal={Journal of Geophysical Research: Solid Earth (1978--2012)},
	volume={107},
	number={B4},
	pages={ETG--9},
	year={2002},
	publisher={Wiley Online Library}
}
@article{kalnay1996ncep,
	title={The NCEP/NCAR 40-year reanalysis project},
	author={Kalnay, Eugenia and Kanamitsu, Masao and Kistler, Robert and Collins, William and Deaven, Dennis and Gandin, Lev and Iredell, Mark and Saha, Suranjana and White, Glenn and Woollen, John and others},
	journal={Bulletin of the American meteorological Society},
	volume={77},
	number={3},
	pages={437--471},
	year={1996}
}
@article{magie1969source,
	title={A source book in physics},
	author={Magie, William Francis},
	year={1969},
	publisher={Harvard Univ. Press}
}
@article{petrov2004study,
	title={Study of the atmospheric pressure loading signal in very long baseline interferometry observations},
	author={Petrov, Leonid and Boy, Jean-Paul},
	journal={Journal of Geophysical Research: Solid Earth (1978--2012)},
	volume={109},
	number={B3},
	year={2004},
	publisher={Wiley Online Library}
}
@article{vandam1994atmospheric,
	title={Atmospheric pressure loading effects on Global Positioning System coordinate determinations},
	author={Vandam, Tonie M and Blewitt, Geoffrey and Heflin, Michael B},
	journal={Journal of Geophysical Research: Solid Earth (1978--2012)},
	volume={99},
	number={B12},
	pages={23939--23950},
	year={1994},
	publisher={Wiley Online Library}
}
@article{farrell1972deformation,
	title={Deformation of the Earth by surface loads},
	author={Farrell, WE},
	journal={Reviews of Geophysics},
	volume={10},
	number={3},
	pages={761--797},
	year={1972},
	publisher={Wiley Online Library}
}