@article{nick2010physically,
  title={{A physically based calving model applied to marine outlet glaciers and implications for the glacier dynamics}},
  author={Nick, FM and Van der Veen, CJ and Vieli, A and Benn, DI},
  journal={Journal of Glaciology},
  volume={56},
  number={199},
  pages={781--794},
  year={2010},
  publisher={International Glaciological Society}
}

@article{nick2006dynamics,
  title={{Dynamics of tidewater glaciers: comparison of three models}},
  author={Nick, FM and Oerlemans, J},
  journal={Journal of Glaciology},
  volume={52},
  number={177},
  pages={183--190},
  year={2006},
  publisher={International Glaciological Society}
}

@article{walker2014ice,
  title={{Ice-shelf flexure and tidal forcing of Bindschadler Ice Stream, West Antarctica}},
  author={Walker, R T and Parizek, B R and Alley, R B and Brunt, K M and Anandakrishnan, S},
  journal={Earth and Planetary Science Letters},
  volume={395},
  pages={184--193},
  year={2014},
  publisher={Elsevier}
}

@article{walker2012viscoelastic,
  title={{A viscoelastic flowline model applied to tidal forcing of Bindschadler Ice Stream, West Antarctica}},
  author={Walker, R T and Christianson, K and Parizek, B R and Anandakrishnan, S and Alley, R B},
  journal={Earth and Planetary Science Letters},
  volume={319},
  pages={128--132},
  year={2012},
  publisher={Elsevier}
}

@article{joughin2004large,
  title={{Large fluctuations in speed on Greenland's Jakobshavn Isbrae glacier}},
  author={Joughin, Ian and Abdalati, Waleed and Fahnestock, Mark},
  journal={Nature},
  volume={432},
  number={7017},
  pages={608--610},
  year={2004},
  publisher={Nature Publishing Group}
}

@article{openpiv,
            author={Taylor,Z. J. and Gurka,R. and Kopp,G. A. and Liberzon,A.},
            year={2010},
            title={{Long-duration time-resolved PIV to study unsteady aerodynamics}},
            journal={IEEE Transactions on Instrumentation and Measurement},
            volume={59},
            number={12},
            pages={3262-3269}
}
