@article{bamber2012,
   author = {Bamber, Jonathan and van den Broeke, Michiel and Ettema, Janneke and Lenaerts, Jan and Rignot, Eric},
   title = {Recent large increases in freshwater fluxes from Greenland into the North Atlantic},
   journal = {Geophysical Research Letters},
   volume = {39},
   number = {19},
   pages = {L19501},
   ISSN = {00948276},
   DOI = {10.1029/2012gl052552},
   year = {2012},
   type = {Journal Article}
}

@article{bonin2013,
   author = {Bonin, J. and Chambers, D.},
   title = {Uncertainty estimates of a GRACE inversion modelling technique over Greenland using a simulation},
   journal = {Geophysical Journal International},
   volume = {194},
   number = {1},
   pages = {212-229},
   ISSN = {0956-540X
1365-246X},
   DOI = {10.1093/gji/ggt091},
   year = {2013},
   type = {Journal Article}
}

@article{box2013,
   author = {Box, Jason E. and Colgan, William},
   title = {Greenland ice sheet mass balance reconstruction. part III: marine ice loss and total mass balance (1840–2010)},
   journal = {Journal of Climate},
   volume = {26},
   number = {18},
   pages = {6990-7002},
   ISSN = {0894-8755
1520-0442},
   DOI = {10.1175/jcli-d-12-00546.1},
   year = {2013},
   type = {Journal Article}
}

@article{broecker1987,
   author = {Broecker, Wallace S.},
   title = {Unpleasant surprises in the greenhouse?},
   journal = {Nature},
   volume = {328},
   pages = {123-126},
   DOI = {doi:10.1038/328123a0},
   year = {1987},
   type = {Journal Article}
}

@article{broecker1985,
   author = {Broecker, W. S. and Peteet, D. M. and Rind, D.},
   title = {Does the Ocean-Atmosphere System Have More Than One Stable Mode of Operation},
   journal = {Nature},
   volume = {315},
   number = {6014},
   pages = {21-26},
   ISSN = {0028-0836},
   DOI = {DOI 10.1038/315021a0},
   url = {<Go to ISI>://WOS:A1985AGH4100031},
   year = {1985},
   type = {Journal Article}
}

@article{brunnabend2015,
   author = {Brunnabend, S. E. and Schröter, J. and Rietbroek, R. and Kusche, J.},
   title = {Regional sea level change in response to ice mass loss in Greenland, the West Antarctic and Alaska},
   journal = {Journal of Geophysical Research-Oceans},
   volume = {120},
   pages = {doi: 10.1002/2015JC011244},
   keywords = {sea level change
ocean modeling
ice mass loss
Greenland
West Antarctica
Alaska Glaciers
4556 Sea level: variations and mean
4255 Numerical modeling},
   ISSN = {2169-9291},
   DOI = {10.1002/2015JC011244},
   url = {http://dx.doi.org/10.1002/2015JC011244},
   year = {2015},
   type = {Journal Article}
}

@article{castro2015,
   author = {Castro de la Guardia, L. and Hu, X. M. and Myers, P. G.},
   title = {Potential positive feedback between Greenland Ice Sheet melt and Baffin Bay heat content on the west Greenland shelf},
   journal = {Geophysical Research Letters},
   volume = {42},
   number = {12},
   pages = {4922-4930},
   keywords = {baffin bay
west greenland irminger water
caa freshwater transport
heat content
greenland ice sheet melt
fresh-water
jakobshavn isbrae
arctic-ocean
disko bay
sea-ice
circulation
model
glaciers
icebergs
impact},
   ISSN = {0094-8276},
   DOI = {10.1002/2015gl064626},
   url = {<Go to ISI>://WOS:000358002500035},
   year = {2015},
   type = {Journal Article}
}

@article{curry2014, 
   author = {Curry, B. and Lee, C. M. and Petrie, B. and Moritz, R. E. and Kwok, R.},
   title = {Multiyear Volume, Liquid Freshwater, and Sea Ice Transports through Davis Strait, 2004-10*},
   journal = {Journal of Physical Oceanography},
   volume = {44},
   number = {4},
   pages = {1244-1266},
   keywords = {geographic location/entity},
   ISSN = {0022-3670},
   DOI = {10.1175/Jpo-D-13-0177.1},
   url = {<Go to ISI>://WOS:000334128200011},
   year = {2014},
   type = {Journal Article}
}

@article{enderlin2014,
   author = {Enderlin, Ellyn M. and Howat, Ian M. and Jeong, Seongsu and Noh, Myoung-Jong and van Angelen, Jan H. and van den Broeke, Michiel R.},
   title = {An improved mass budget for the Greenland ice sheet},
   journal = {Geophysical Research Letters},
   volume = {41},
   number = {3},
   pages = {866–872},
   keywords = {Greenland Ice Sheet
mass budget
discharge
surface mass balance
glacier change
mass change
0762 Mass balance
0726 Ice sheets
0720 Glaciers
0774 Dynamics
0758 Remote sensing},
   ISSN = {1944-8007},
   DOI = {10.1002/2013GL059010},
   url = {http://dx.doi.org/10.1002/2013GL059010},
   year = {2014},
   type = {Journal Article}
}

@article{ettema2009,
   author = {Ettema, Janneke and van den Broeke, Michiel R. and van Meijgaard, Erik and van de Berg, Willem Jan and Bamber, Jonathan L. and Box, Jason E. and Bales, Roger C.},
   title = {Higher surface mass balance of the Greenland ice sheet revealed by high-resolution climate modeling},
   journal = {Geophysical Research Letters},
   volume = {36},
   number = {12},
   pages = {L12501},
   ISSN = {0094-8276},
   DOI = {10.1029/2009gl038110},
   year = {2009},
   type = {Journal Article}
}

@article{fetterer2002,
   author = {Fetterer, F. and Knowles, K. and Meier, W. and Savoie, M.},
   title = {Sea Ice Index},
   pages = {National Snow and Ice Data Center, Boulder, Colorado},
   DOI = {http://dx.doi.org/10.7265/N5QJ7F7W.},
   year = {2002, updated daily },
   type = {Journal Article}
}

@article{fichefet2003,
   author = {Fichefet, T. and Poncin, C. and Goosse, H. and Huybrechts, P. and Janssens, I. and Le Treut, H.},
   title = {Implications of changes in freshwater flux from the Greenland ice sheet for the climate of the 21st century},
   journal = {Geophysical Research Letters},
   volume = {30},
   number = {17},
   pages = {1911},
   keywords = {glacial climate
model
circulation
greenhouse},
   ISSN = {0094-8276},
   DOI = {Artn 1911
10.1029/2003gl017826},
   url = {<Go to ISI>://WOS:000189016300001},
   year = {2003},
   type = {Journal Article}
}

@article{gardner2011,
   author = {Gardner, A. S. and Moholdt, G. and Wouters, B. and Wolken, G. J. and Burgess, D. O. and Sharp, M. J. and Cogley, J. G. and Braun, C. and Labine, C.},
   title = {Sharply increased mass loss from glaciers and ice caps in the Canadian Arctic Archipelago},
   journal = {Nature},
   volume = {473},
   number = {7347},
   pages = {357-360},
   keywords = {sea-level rise
elevation changes
balance
island
rates
sheet
land},
   ISSN = {0028-0836},
   DOI = {Doi 10.1038/Nature10089},
   url = {<Go to ISI>://WOS:000290722400044},
   year = {2011},
   type = {Journal Article}
}

@article{good2013,
   author = {Good, S. A. and Martin, M. J. and Rayner, N. A.},
   title = {EN4: Quality controlled ocean temperature and salinity profiles and monthly objective analyses with uncertainty estimates},
   journal = {Journal of Geophysical Research-Oceans},
   volume = {118},
   number = {12},
   pages = {6704-6716},
   keywords = {ocean observations
quality control
objective analysis
uncertainty estimation
sea-surface temperature
expendable bathythermograph
xbt data
system
trends
ice},
   ISSN = {2169-9275},
   DOI = {Doi 10.1002/2013jc009067},
   url = {<Go to ISI>://WOS:000329926200026},
   year = {2013},
   type = {Journal Article}
}

@article{haine2015,
   author = {Haine, Thomas W. N. and Curry, Beth and Gerdes, Rüdiger and Hansen, Edmond and Karcher, Michael and Lee, Craig and Rudels, Bert and Spreen, Gunnar and de Steur, Laura and Stewart, Kial D. and Woodgate, Rebecca},
   title = {Arctic freshwater export: status, mechanisms, and prospects},
   journal = {Global and Planetary Change},
   volume = {125},
   pages = {13-35},
   ISSN = {09218181},
   DOI = {10.1016/j.gloplacha.2014.11.013},
   year = {2015},
   type = {Journal Article}
}

@article{hawkins2011,
   author = {Hawkins, E. and Smith, R. S. and Allison, L. C. and Gregory, J. M. and Woollings, T. J. and Pohlmann, H. and de Cuevas, B.},
   title = {Bistability of the Atlantic overturning circulation in a global climate model and links to ocean freshwater transport},
   journal = {Geophysical Research Letters},
   volume = {38},
   pages = {L10605},
   keywords = {multiple equilibria regime
thermohaline circulation
hysteresis
version
system
impact},
   ISSN = {0094-8276},
   DOI = {Artn L10605
10.1029/2011gl047208},
   url = {<Go to ISI>://WOS:000291101600002},
   year = {2011},
   type = {Journal Article}
}

@article{holland2008,
   author = {Holland, David M. and Thomas, Robert H. and de Young, Brad and Ribergaard, Mads H. and Lyberth, Bjarne},
   title = {Acceleration of Jakobshavn Isbrae triggered by warm subsurface ocean waters},
   journal = {Nature Geoscience},
   volume = {1},
   number = {10},
   pages = {659-664},
   ISSN = {1752-0894},
   DOI = {10.1038/ngeo316},
   url = {http://dx.doi.org/10.1038/ngeo316},
   year = {2008},
   type = {Journal Article}
}

@article{howat2011,
   author = {Howat, I. M. and Eddy, A.},
   title = {Multi-decadal retreat of Greenland's marine-terminating glaciers},
   journal = {Journal of Glaciology},
   volume = {57},
   number = {203},
   pages = {389-396},
   keywords = {ice-sheet
jakobshavn isbrae
outlet glaciers
west greenland
east greenland
acceleration
dynamics
fluctuations
variability},
   ISSN = {0022-1430},
   url = {<Go to ISI>://WOS:000293324300001},
   year = {2011},
   type = {Journal Article}
}

@article{hu2011,
   author = {Hu, A. X. and Meehl, G. A. and Han, W. Q. and Yin, J. J.},
   title = {Effect of the potential melting of the Greenland Ice Sheet on the Meridional Overturning Circulation and global climate in the future},
   journal = {Deep-Sea Research Part Ii-Topical Studies in Oceanography},
   volume = {58},
   number = {17-18},
   pages = {1914-1926},
   keywords = {atlantic meridional overturning circulation
sea level
greenland ice sheet
global temperature change
sea-level changes
atlantic thermohaline circulation
north-atlantic
ocean circulation
model projections
system-model
21st-century
rise
flux
sensitivity},
   ISSN = {0967-0645},
   DOI = {10.1016/j.dsr2.2010.10.069},
   url = {<Go to ISI>://WOS:000293480300015},
   year = {2011},
   type = {Journal Article}
}

@article{jakobsen2003,
   author = {Jakobsen, P. K. and Ribergaard, M. H. and Quadfasel, D. and Schmith, T. and Hughes, C. W.},
   title = {Near-surface circulation in the northern North Atlantic as inferred from Lagrangian drifters: variability from the mesoscale to interannual},
   journal = {Journal of Geophysical Research-Oceans},
   volume = {108},
   number = {C8},
   pages = {3251},
   keywords = {mesoscale eddies
north atlantic
nordic seas
surface circulation
surface drifters
variability
resolution numerical-simulation
upper layer circulation
moored current meters
labrador sea-water
nordic seas
kinetic-energy
irminger sea
ocean
eddies
oscillation},
   ISSN = {0148-0227},
   DOI = {Artn 3251
Doi 10.1029/2002jc001554},
   url = {<Go to ISI>://WOS:000184826100005},
   year = {2003},
   type = {Journal Article}
}

@article{jiang2010,
   author = {Jiang, Yan and Dixon, Timothy H. and Wdowinski, Shimon},
   title = {Accelerating uplift in the North Atlantic region as an indicator of ice loss},
   journal = {Nature Geoscience},
   volume = {3},
   number = {6},
   pages = {404-407},
   ISSN = {1752-0894
1752-0908},
   DOI = {10.1038/ngeo845},
   year = {2010},
   type = {Journal Article}
}

@article{josey2005,
   author = {Josey, S. A. and Marsh, R.},
   title = {Surface freshwater flux variability and recent freshening of the North Atlantic in the eastern subpolar gyre},
   journal = {Journal of Geophysical Research-Oceans},
   volume = {110},
   number = {C5},
   pages = {C05008},
   keywords = {precipitation climatology
salinity
ocean
sea
oscillation
evaporation
patterns},
   ISSN = {0148-0227},
   DOI = {Artn C05008
Doi 10.1029/2004jc002521},
   url = {<Go to ISI>://WOS:000229212300004},
   year = {2005},
   type = {Journal Article}
}

@article{joughin2012,
   author = {Joughin, I. and Alley, R. B. and Holland, D. M.},
   title = {Ice-sheet response to oceanic forcing},
   journal = {Science},
   volume = {338},
   number = {6111},
   pages = {1172-6},
   keywords = {Antarctic Regions
Atmosphere
*Global Warming
Greenland
*Ice Cover
*Oceans and Seas
*Tidal Waves
Transition Temperature},
   ISSN = {1095-9203 (Electronic)
0036-8075 (Linking)},
   DOI = {10.1126/science.1226481},
   url = {http://www.ncbi.nlm.nih.gov/pubmed/23197526},
   year = {2012},
   type = {Journal Article}
}

@article{joyce2007,
   author = {Joyce, T. M. and Proshutinsky, A.},
   title = {Greenland's Island Rule and the Arctic Ocean circulation},
   journal = {Journal of Marine Research},
   volume = {65},
   number = {5},
   pages = {639-653},
   keywords = {fresh-water
seas
atlantic
fluxes
volume
flow},
   ISSN = {0022-2402},
   DOI = {Doi 10.1357/002224007783649439},
   url = {<Go to ISI>://WOS:000253550100003},
   year = {2007},
   type = {Journal Article}
}

@article{jungclaus2006,
   author = {Jungclaus, J. H. and Haak, H. and Esch, M. and Roeckner, E. and Marotzke, J.},
   title = {Will Greenland melting halt the thermohaline circulation?},
   journal = {Geophysical Research Letters},
   volume = {33},
   number = {17},
   pages = {L17708},
   ISSN = {0094-8276},
   DOI = {10.1029/2006gl026815},
   year = {2006},
   type = {Journal Article}
}

@article{kieke2015,
   author = {Kieke, D. and Yashayaev, I.},
   title = {Studies of Labrador Sea Water formation and variability in the subpolar North Atlantic in the light of international partnership and collaboration},
   journal = {Progress in Oceanography},
   volume = {132},
   pages = {220-232},
   keywords = {meridional overturning circulation
open-ocean convection
deep-water
boundary current
irminger sea
climate variability
western boundary
profiling floats
formation rates
scale processes},
   ISSN = {0079-6611},
   DOI = {10.1016/j.pocean.2014.12.010},
   url = {<Go to ISI>://WOS:000352038700008},
   year = {2015},
   type = {Journal Article}
}

@article{koenigk2006,
   author = {Koenigk, Torben and Mikolajewicz, Uwe and Haak, Helmuth and Jungclaus, Johann},
   title = {Variability of Fram Strait sea ice export: causes, impacts and feedbacks in a coupled climate model},
   journal = {Climate Dynamics},
   volume = {26},
   number = {1},
   pages = {17-34},
   ISSN = {0930-7575},
   DOI = {10.1007/s00382-005-0060-1},
   url = {http://dx.doi.org/10.1007/s00382-005-0060-1},
   year = {2006},
   type = {Journal Article}
}

@article{kuhlbrodt2001,
   author = {Kuhlbrodt, Till and Titz, Sven and Feudel, Ulrike and Rahmstorf, Stefan},
   title = {A simple model of seasonal open ocean convection},
   journal = {Ocean Dynamics},
   volume = {52},
   number = {1},
   pages = {36-49},
   ISSN = {1616-7341},
   year = {2001},
   type = {Journal Article}
}

@article{laxon2003,
   author = {Laxon, S. and Peacock, N. and Smith, D.},
   title = {High interannual variability of sea ice thickness in the Arctic region},
   journal = {Nature},
   volume = {425},
   number = {6961},
   pages = {947-950},
   keywords = {climate
ocean
model
regimes
draft
basin},
   ISSN = {0028-0836},
   DOI = {Doi 10.1038/Nature02050},
   url = {<Go to ISI>://WOS:000186230600038},
   year = {2003},
   type = {Journal Article}
}

@article{lazier2002,
   author = {Lazier, J. and Hendry, R. and Clarke, A. and Yashayaev, I. and Rhines, P.},
   title = {Convection and restratification in the Labrador Sea, 1990-2000},
   journal = {Deep Sea Research Part I: Oceanographic Research Papers},
   volume = {49},
   number = {10},
   pages = {1819-1835},
   keywords = {convection
stratification
vertical mixing
heat and salt fluxes
north atlantic ocean
labrador sea
waters
ocean},
   ISSN = {0967-0637},
   DOI = {Pii S0967-0637(02)00064-X
Doi 10.1016/S0967-0637(02)00064-X},
   url = {<Go to ISI>://WOS:000179693300007},
   year = {2002},
   type = {Journal Article}
}

@article{lenaerts2013,
   author = {Lenaerts, J. T. M. and van Angelen, J. H. and van den Broeke, M. R. and Gardner, A. S. and Wouters, B. and van Meijgaard, E.},
   title = {Irreversible mass loss of Canadian Arctic Archipelago glaciers},
   journal = {Geophysical Research Letters},
   volume = {40},
   number = {5},
   pages = {870-874},
   keywords = {canadian arctic archipelago
regional atmospheric climate modelling
sea level rise
sea-level rise
ice caps
reanalysis
balance},
   ISSN = {0094-8276},
   DOI = {Doi 10.1002/Grl.50214},
   url = {<Go to ISI>://WOS:000318242900013},
   year = {2013},
   type = {Journal Article}
}

@article{mcgeehan2011,
   author = {McGeehan, T. and Maslowski, W.},
   title = {Impact of Shelf Basin Freshwater Transport on Deep Convection in the Western Labrador Sea},
   journal = {Journal of Physical Oceanography},
   volume = {41},
   number = {11},
   pages = {2187-2210},
   keywords = {north-atlantic
canadian archipelago
overturning circulation
mass transformation
arctic-ocean
eddies
restratification
ice
hydrography
mesoscale},
   ISSN = {0022-3670},
   DOI = {10.1175/Jpo-D-11-01.1},
   url = {<Go to ISI>://WOS:000298020600010},
   year = {2011},
   type = {Journal Article}
}

@article{mcgeehan2012,
   author = {McGeehan, Timothy and Maslowski, Wieslaw},
   title = {Evaluation and control mechanisms of volume and freshwater export through the Canadian Arctic Archipelago in a high-resolution pan-Arctic ice-ocean model},
   journal = {Journal of Geophysical Research},
   volume = {117},
   pages = {C00D14},
   ISSN = {0148-0227},
   DOI = {10.1029/2011jc007261},
   year = {2012},
   type = {Journal Article}
}

@article{myers2005,
   author = {Myers, Paul G.},
   title = {Impact of freshwater from the Canadian Arctic Archipelago on Labrador Sea Water formation},
   journal = {Geophysical Research Letters},
   volume = {32},
   number = {6},
   pages = {L06605},
   keywords = {4255 Numerical modeling
4207 Arctic and Antarctic oceanography
4215 Climate and interannual variability},
   ISSN = {1944-8007},
   DOI = {10.1029/2004GL022082},
   url = {http://dx.doi.org/10.1029/2004GL022082},
   year = {2005},
   type = {Journal Article}
}

@article{myers2009,
   author = {Myers, Paul G. and Donnelly, Chris and Ribergaard, Mads H.},
   title = {Structure and variability of the West Greenland Current in Summer derived from 6 repeat standard sections},
   journal = {Progress in Oceanography},
   volume = {80},
   number = {1-2},
   pages = {93-112},
   ISSN = {00796611},
   DOI = {10.1016/j.pocean.2008.12.003},
   url = {http://www.sciencedirect.com/science/article/pii/S0079661108002103},
   year = {2009},
   type = {Journal Article}
}

@article{myers2007a,
   author = {Myers, P. G. and Josey, S. A. and Wheler, B. and Kulan, N.},
   title = {Interdecadal variability in Labrador Sea precipitation minus evaporation and salinity},
   journal = {Progress in Oceanography},
   volume = {73},
   number = {3-4},
   pages = {341-357},
   keywords = {north-atlantic oscillation
atmospheric circulation
arctic-ocean
water
restratification
convection
decades
fluxes},
   ISSN = {0079-6611},
   DOI = {10.1016/j.pocean.2006.06.003},
   url = {<Go to ISI>://WOS:000248333000008},
   year = {2007},
   type = {Journal Article}
}

@article{myers2007b,
   author = {Myers, Paul G. and Kulan, Nilgun and Ribergaard, Mads H.},
   title = {Irminger Water variability in the West Greenland Current},
   journal = {Geophysical Research Letters},
   volume = {34},
   number = {17},
   pages = { L17601},
   ISSN = {0094-8276},
   DOI = {10.1029/2007gl030419},
   year = {2007},
   type = {Journal Article}
}

@article{noel2015,
   author = {Noël, B. and van de Berg, W. J. and van Meijgaard, E. and Kuipers Munneke, P. and van de Wal, R. S. W. and van den Broeke, M. R.},
   title = {Summer snowfall on the Greenland Ice Sheet: a study with the updated regional climate model RACMO2.3},
   journal = {The Cryosphere Discussions},
   volume = {9},
   number = {1},
   pages = {1177-1208},
   ISSN = {1994-0440},
   DOI = {10.5194/tcd-9-1177-2015},
   year = {2015},
   type = {Journal Article}
}

@article{peterson2002,
   author = {Peterson, B. J. and Holmes, R. M. and McClelland, J. W. and Vorosmarty, C. J. and Lammers, R. B. and Shiklomanov, A. I. and Shiklomanov, I. A. and Rahmstorf, S.},
   title = {Increasing river discharge to the Arctic Ocean},
   journal = {Science},
   volume = {298},
   number = {5601},
   pages = {2171-2173},
   keywords = {atlantic thermohaline circulation
recent climate-change
mass-balance
fresh-water
ice sheets
runoff
model
variability
dynamics
impact},
   ISSN = {0036-8075},
   DOI = {DOI 10.1126/science.1077445},
   url = {<Go to ISI>://WOS:000179773700041},
   year = {2002},
   type = {Journal Article}
}

@article{peterson2006,
   author = {Peterson, Bruce J. and McClelland, James and Curry, Ruth and Holmes, Robert M. and Walsh, John E. and Aagaard, Knut},
   title = {Trajectory shifts in the Arctic and subarctic freshwater cycle},
   journal = {Science},
   volume = {313},
   number = {5790},
   pages = {1061-1066},
   DOI = {10.1126/science.1122593},
   url = {http://www.sciencemag.org/content/313/5790/1061.abstract},
   year = {2006},
   type = {Journal Article}
}

@article{rahmstorf1995,
   author = {Rahmstorf, S.},
   title = {Bifurcations of the Atlantic Thermohaline Circulation in Response to Changes in the Hydrological Cycle},
   journal = {Nature},
   volume = {378},
   number = {6553},
   pages = {145-149},
   keywords = {ocean-atmosphere system
north-atlantic
heat
fluxes
model
sea},
   ISSN = {0028-0836},
   DOI = {DOI 10.1038/378145a0},
   url = {<Go to ISI>://WOS:A1995TD75900042},
   year = {1995},
   type = {Journal Article}
}

@article{rahmstorf2015,
   author = {Rahmstorf, Stefan and Box, Jason E. and Feulner, Georg and Mann, Michael E. and Robinson, Alexander and Rutherford, Scott and Schaffernicht, Erik J.},
   title = {Exceptional twentieth-century slowdown in Atlantic Ocean overturning circulation},
   journal = {Nature Climate Change},
   volume = {5},
   number = {5},
   pages = {475-480},
   ISSN = {1758-678X
1758-6798},
   DOI = {10.1038/nclimate2554},
   year = {2015},
   type = {Journal Article}
}

@article{rahmstorf2005,
   author = {Rahmstorf, S. and Crucifix, M. and Ganopolski, A. and Goosse, H. and Kamenkovich, I. and Knutti, R. and Lohmann, G. and Marsh, R. and Mysak, L. A. and Wang, Z. M. and Weaver, A. J.},
   title = {Thermohaline circulation hysteresis: A model intercomparison},
   journal = {Geophysical Research Letters},
   volume = {32},
   number = {23},
   pages = {L23605},
   keywords = {atlantic overturning circulation
ocean-atmosphere model
earth system model
intermediate-complexity
climate model
transport
paleoclimate
variability
equilibria
states},
   ISSN = {0094-8276},
   DOI = {Artn L23605
10.1029/2005gl023655},
   url = {<Go to ISI>://WOS:000234246600001},
   year = {2005},
   type = {Journal Article}
}

@article{rhein2011,
   author = {Rhein, M. and Kieke, D. and Huttl-Kabus, S. and Roessler, A. and Mertens, C. and Meissner, R. and Klein, B. and Boning, C. W. and Yashayaev, I.},
   title = {Deep water formation, the subpolar gyre, and the meridional overturning circulation in the subpolar North Atlantic},
   journal = {Deep-Sea Research Part II:Topical Studies in Oceanography},
   volume = {58},
   number = {17-18},
   pages = {1819-1832},
   keywords = {overturning circulation
deep water formation
subpolar gyre transport
labrador sea-water
thermohaline circulation
hydrographic data
formation rates
ocean
transport
pathways
inverse
eastern
model},
   ISSN = {0967-0645},
   DOI = {Doi 10.1016/J.Dsr2.2010.10.061},
   url = {<Go to ISI>://WOS:000293480300007},
   year = {2011},
   type = {Journal Article}
}

@article{ridley2005,
   author = {Ridley, J. K. and Huybrechts, P. and Gregory, J. M. and Lowe, J. A.},
   title = {Elimination of the Greenland ice sheet in a high CO2 climate},
   journal = {Journal of Climate},
   volume = {18},
   number = {17},
   pages = {3409-3427},
   keywords = {surface mass-balance
atlantic thermohaline circulation
north-atlantic
sea-level
model
accumulation
sensitivity
impact
flux
21st-century},
   ISSN = {0894-8755},
   DOI = {Doi 10.1175/Jcli3482.1},
   url = {<Go to ISI>://WOS:000232470600001},
   year = {2005},
   type = {Journal Article}
}

@article{rignot2006,
   author = {Rignot, E. and Kanagaratnam, P.},
   title = {Changes in the velocity structure of the Greenland ice sheet},
   journal = {Science},
   volume = {311},
   number = {5763},
   pages = {986-990},
   keywords = {satellite radar interferometry
jakobshavn isbrae
glacier
acceleration
discharge
flow},
   ISSN = {0036-8075},
   DOI = {10.1126/science.1121381},
   url = {<Go to ISI>://WOS:000235456900041},
   year = {2006},
   type = {Journal Article}
}

@article{rignot2011,
   author = {Rignot, E. and Velicogna, I. and van den Broeke, M. R. and Monaghan, A. and Lenaerts, J. T. M.},
   title = {Acceleration of the contribution of the Greenland and Antarctic ice sheets to sea level rise},
   journal = {Geophysical Research Letters},
   volume = {38},
   number = {5},
   pages = {L05503},
   ISSN = {00948276},
   DOI = {10.1029/2011gl046583},
   year = {2011},
   type = {Journal Article}
}

@article{robson2013,
   author = {Robson, Jon and Hodson, Dan and Hawkins, Ed and Sutton, Rowan},
   title = {Atlantic overturning in decline?},
   journal = {Nature Geoscience},
   volume = {7},
   number = {1},
   pages = {2-3},
   ISSN = {1752-0894
1752-0908},
   DOI = {10.1038/ngeo2050},
   year = {2013},
   type = {Journal Article}
}

@article{rooth1982,
   author = {Rooth, C.},
   title = {Hydrology and Ocean Circulation},
   journal = {Progress in Oceanography},
   volume = {11},
   number = {2},
   pages = {131-149},
   ISSN = {0079-6611},
   DOI = {Doi 10.1016/0079-6611(82)90006-4},
   url = {<Go to ISI>://WOS:A1982NS53800004},
   year = {1982},
   type = {Journal Article}
}

@article{smeed2014,
   author = {Smeed, D. A. and McCarthy, G. D. and Cunningham, S. A. and Frajka-Williams, E. and Rayner, D. and Johns, W. E. and Meinen, C. S. and Baringer, M. O. and Moat, B. I. and Duchez, A. and Bryden, H. L.},
   title = {Observed decline of the Atlantic meridional overturning circulation 2004-2012},
   journal = {Ocean Sci.},
   volume = {10},
   number = {1},
   pages = {29-38},
   ISSN = {1812-0792},
   DOI = {10.5194/os-10-29-2014},
   url = {http://www.ocean-sci.net/10/29/2014/},
   year = {2014},
   type = {Journal Article}
}

@article{stommel1961,
   author = {Stommel, H. },
   title = {Thermohaline Convection with Two Stable Regimes of Flow.},
   journal = {Tellus},
   volume = {13},
   number = {2},
   pages = {224-230},
   year = {1961},
   type = {Journal Article}
}

@article{stouffer2006,
   author = {Stouffer, R. J. and Yin, J. and Gregory, J. M. and Dixon, K. W. and Spelman, M. J. and Hurlin, W. and Weaver, A. J. and Eby, M. and Flato, G. M. and Hasumi, H. and Hu, A. and Jungclaus, J. H. and Kamenkovich, I. V. and Levermann, A. and Montoya, M. and Murakami, S. and Nawrath, S. and Oka, A. and Peltier, W. R. and Robitaille, D. Y. and Sokolov, A. and Vettoretti, G. and Weber, S. L.},
   title = {Investigating the causes of the response of the thermohaline circulation to past and future climate changes},
   journal = {Journal of Climate},
   volume = {19},
   number = {8},
   pages = {1365-1387},
   ISSN = {0894-8755},
   DOI = {10.1175/JCLI3689.1},
   url = {http://dx.doi.org/10.1175/JCLI3689.1},
   year = {2006},
   type = {Journal Article}
}

@article{straneo2013,
   author = {Straneo, F. and Heimbach, P.},
   title = {North Atlantic warming and the retreat of Greenland's outlet glaciers},
   journal = {Nature},
   volume = {504},
   number = {7478},
   pages = {36-43},
   keywords = {sea-level rise
marine-terminating glaciers
sheet mass-balance
ice-sheet
east greenland
jakobshavn isbrae
climate-change
tidewater glaciers
global climate
thermohaline circulation},
   ISSN = {0028-0836},
   DOI = {10.1038/Nature12854},
   url = {<Go to ISI>://WOS:000327851700023},
   year = {2013},
   type = {Journal Article}
}

@article{swingedouw2015,
   author = {Swingedouw, D. and Ortega, P. and Mignot, J. and Guilyardi, E. and Masson-Delmotte, V. and Butler, P. G. and Khodri, M. and Seferian, R.},
   title = {Bidecadal North Atlantic ocean circulation variability controlled by timing of volcanic eruptions},
   journal = {Nature Communications},
   volume = {6},
   pages = {6545},
   keywords = {meridional overturning circulation
thermohaline circulation
multidecadal variability
surface-temperature
climate variability
decadal variability
last millennium
system model
time scales
sea-ice},
   ISSN = {2041-1723},
   DOI = {10.1038/ncomms7545},
   url = {<Go to ISI>://WOS:000352720200001},
   year = {2015},
   type = {Journal Article}
}

@article{swingedow2013,
   author = {Swingedouw, Didier and Rodehacke, ChristianB and Behrens, Erik and Menary, Matthew and Olsen, SteffenM and Gao, Yongqi and Mikolajewicz, Uwe and Mignot, Juliette and Biastoch, Arne},
   title = {Decadal fingerprints of freshwater discharge around Greenland in a multi-model ensemble},
   journal = {Climate Dynamics},
   volume = {41},
   number = {3-4},
   pages = {695-720},
   keywords = {Greenland ice sheet melting
Thermohaline circulation
Oceanic gyre
Ocean–atmosphere interactions
Oceanic dynamics
Sea-level rise
AMOC
North Atlantic},
   ISSN = {0930-7575},
   DOI = {10.1007/s00382-012-1479-9},
   url = {http://dx.doi.org/10.1007/s00382-012-1479-9},
   year = {2013},
   type = {Journal Article}
}

@article{thierry2008,
   author = {Thierry, V. and de Boisséson, E. and Mercier, H.},
   title = {Interannual variability of the Subpolar Mode Water properties over the Reykjanes Ridge during 1990–2006},
   journal = {Journal of Geophysical Research},
   volume = {113},
   number = {C4},
   pages = {C04016},
   ISSN = {0148-0227},
   DOI = {10.1029/2007jc004443},
   year = {2008},
   type = {Journal Article}
}

@article{vage2009,
   author = {Vage, K. and Pickart, R. S. and Thierry, V. and Reverdin, G. and Lee, C. M. and Petrie, B. and Agnew, T. A. and Wong, A. and Ribergaard, M. H.},
   title = {Surprising return of deep convection to the subpolar North Atlantic Ocean in winter 2007-2008},
   journal = {Nature Geoscience},
   volume = {2},
   number = {1},
   pages = {67-72},
   keywords = {labrador sea-water
greenland tip jet
irminger sea
climatology
variability
circulation
reanalysis
fluxes
floats},
   ISSN = {1752-0894},
   DOI = {Doi 10.1038/Ngeo382},
   url = {<Go to ISI>://WOS:000262638500024},
   year = {2009},
   type = {Journal Article}
}

@article{velicogna2014regional,
	title={Regional acceleration in ice mass loss from Greenland and Antarctica using GRACE time-variable gravity data},
	author={Velicogna, I and Sutterley, TC and van den Broeke, MR},
	journal={Geophysical Research Letters},
	volume={41},
	number={22},
	pages={8130--8137},
	year={2014},
	publisher={Wiley Online Library}
}

@article{weijer2012,
   author = {Weijer, W. and Maltrud, M. E. and Hecht, M. W. and Dijkstra, H. A. and Kliphuis, M. A.},
   title = {Response of the Atlantic Ocean circulation to Greenland Ice Sheet melting in a strongly-eddying ocean model},
   journal = {Geophysical Research Letters},
   volume = {39},
   pages = {L09606},
   keywords = {meridional overturning circulation
thermohaline circulation
conveyor belt
mass-loss
convection
transport
flow},
   ISSN = {0094-8276},
   DOI = {Artn L09606
10.1029/2012gl051611},
   url = {<Go to ISI>://WOS:000304005100003},
   year = {2012},
   type = {Journal Article}
}

@article{wood1999,
   author = {Wood, R. A. and Keen, A. B. and Mitchell, J. F. B. and Gregory, J. M.},
   title = {Changing spatial structure of the thermohaline circulation in response to atmospheric CO2 forcing in a climate model},
   journal = {Nature},
   volume = {401},
   number = {6752},
   pages = {508-508},
   ISSN = {0028-0836},
   DOI = {Doi 10.1038/46840},
   url = {<Go to ISI>://WOS:000082981200064},
   year = {1999},
   type = {Journal Article}
}

@article{yang2013,
   author = {Yang, Q. and Dixon, T. H. and Wdowinski, S.},
   title = {Annual variation of coastal uplift in Greenland as an indicator of variable and accelerating ice mass loss},
   journal = {Geochemistry Geophysics Geosystems},
   volume = {14},
   number = {5},
   pages = {1569-1589},
   keywords = {greenland's ice sheet
gps vertical displacement
seasonal melting
climatic forcings
resolution climate model
sea-level rise
surface-temperature
velocity changes
ocean waters
sheet
balance
melt
glaciers
system},
   ISSN = {1525-2027},
   DOI = {10.1002/ggge.20089},
   url = {<Go to ISI>://WOS:000324412600015},
   year = {2013},
   type = {Journal Article}
}

@article{yashayaev2009,
   author = {Yashayaev, Igor and Loder, John W.},
   title = {Enhanced production of Labrador Sea Water in 2008},
   journal = {Geophysical Research Letters},
   volume = {36},
   number = {1},
   pages = {L01606},
   ISSN = {0094-8276},
   DOI = {10.1029/2008gl036162},
   year = {2009},
   type = {Journal Article}
}

@article{yashayaev2015,
   author = {Yashayaev, I. and Seidov, D. and Demirov, E.},
   title = {A new collective view of oceanography of the Arctic and North Atlantic basins},
   journal = {Progress in Oceanography},
   volume = {132},
   pages = {1-21},
   keywords = {stochastic climate models
past 4 decades
labrador sea
ocean
variability
water
oscillation
circulation
system
flux},
   ISSN = {0079-6611},
   DOI = {10.1016/j.pocean.2014.12.012},
   url = {<Go to ISI>://WOS:000352038700001},
   year = {2015},
   type = {Journal Article}
}

@article{zhang2003,
   author = {Zhang, J. L. and Rothrock, D. A.},
   title = {Modeling global sea ice with a thickness and enthalpy distribution model in generalized curvilinear coordinates},
   journal = {Monthly Weather Review},
   volume = {131},
   number = {5},
   pages = {845-861},
   keywords = {arctic-ocean
thermodynamics
dynamics},
   ISSN = {0027-0644},
   DOI = {10.1175/1520-0493},
   url = {<Go to ISI>://WOS:000182172000007},
   year = {2003},
   type = {Journal Article}
}

