@book{seeber2003chpt2,
	title={Satellite geodesy: foundations, methods, and applications},
	author={Seeber, G{\"u}nter},
	year={2003},
	publisher={Walter de Gruyter}
}
@article{dixon1991chpt2,
	title={An introduction to the Global Positioning System and some geological applications},
	author={Dixon, Timothy H},
	journal={Reviews of Geophysics},
	volume={29},
	number={2},
	pages={249--276},
	year={1991}
}
@article{mao1999chpt2,
	title={Noise in GPS coordinate time series},
	author={Mao, Ailin and Harrison, Christopher GA and Dixon, Timothy H},
	journal={Journal of Geophysical Research: Solid Earth (1978--2012)},
	volume={104},
	number={B2},
	pages={2797--2816},
	year={1999},
	publisher={Wiley Online Library}
}
@article{hofmann2001chpt2,
	title={GPS theory and practice},
	author={Hofmann, B and Lichtenegger, H and Collins, J},
	journal={Wien: Springer-Verlag},
	volume={5},
	year={2001}
}
@article{remondi1985chpt2,
	title={Global Positioning System carrier phase: description and use},
	author={Remondi, Benjamin W},
	journal={Bulletin g{\'e}od{\'e}sique},
	volume={59},
	number={4},
	pages={361--377},
	year={1985},
	publisher={Springer}
}
@article{lichten1987chpt2,
	title={Strategies for high-precision Global Positioning System orbit determination},
	author={Lichten, Stephen M and Border, James S},
	journal={Journal of Geophysical Research: Solid Earth (1978--2012)},
	volume={92},
	number={B12},
	pages={12751--12762},
	year={1987},
	publisher={Wiley Online Library}
}
@article{blewitt1989chpt2,
	title={Carrier phase ambiguity resolution for the Global Positioning System applied to geodetic baselines up to 2000 km},
	author={Blewitt, Geoffrey},
	journal={Journal of Geophysical Research},
	volume={94},
	number={B8},
	pages={10187--10203},
	year={1989}
}
@article{blewitt2008chpt2,
	title={Fixed point theorems of GPS carrier phase ambiguity resolution and their application to massive network processing: Ambizap},
	author={Blewitt, Geoffrey},
	journal={Journal of Geophysical Research: Solid Earth (1978--2012)},
	volume={113},
	number={B12},
	year={2008},
	publisher={Wiley Online Library}
}
@article{hernandez2007chpt2,
	title={Second-order ionospheric term in GPS: Implementation and impact on geodetic estimates},
	author={Hernandez-Pajares, M and Juan, JM and Sanz, J and Or{\'u}s, R},
	journal={Journal of Geophysical Research: Solid Earth},
	volume={112},
	number={B8},
	year={2007},
	publisher={Wiley Online Library}
}
@article{petrie2010chpt2,
	title={Higher-order ionospheric effects on the GPS reference frame and velocities},
	author={Petrie, Elizabeth J and King, Matt A and Moore, Philip and Lavall{\'e}e, David A},
	journal={Journal of Geophysical Research: Solid Earth},
	volume={115},
	number={B3},
	year={2010},
	publisher={Wiley Online Library}
}
@article{niell1996chpt2,
	title={Global mapping functions for the atmosphere delay at radio wavelengths},
	author={Niell, AE},
	journal={Journal of Geophysical Research: Solid Earth},
	volume={101},
	number={B2},
	pages={3227--3246},
	year={1996},
	publisher={Wiley Online Library}
}
@article{boehm2006chpt2,
	title={Global Mapping Function (GMF): A new empirical mapping function based on numerical weather model data},
	author={Boehm, Johannes and Niell, Arthur and Tregoning, Paul and Schuh, Harald},
	journal={Geophysical Research Letters},
	volume={33},
	number={7},
	year={2006},
	publisher={Wiley Online Library}
}
@article{boehm2007chpt2,
	title={Short note: a global model of pressure and temperature for geodetic applications},
	author={Boehm, Johannes and Heinkelmann, Robert and Schuh, Harald},
	journal={Journal of Geodesy},
	volume={81},
	number={10},
	pages={679--683},
	year={2007},
	publisher={Springer}
}
@article{larson2007chpt2,
	title={Improving the precision of high-rate GPS},
	author={Larson, Kristine M and Bilich, Andria and Axelrad, Penina},
	journal={Journal of Geophysical Research: Solid Earth},
	volume={112},
	number={B5},
	year={2007},
	publisher={Wiley Online Library}
}
@article{sella2002chpt2,
	title={REVEL: A model for recent plate velocities from space geodesy},
	author={Sella, Giovanni F and Dixon, Timothy H and Mao, Ailin},
	journal={Journal of Geophysical Research: Solid Earth (1978--2012)},
	volume={107},
	number={B4},
	pages={ETG--11},
	year={2002},
	publisher={Wiley Online Library}
}
@article{axelrad1996chpt2,
	title={SNR-based multipath error correction for GPS differential phase},
	author={Axelrad, Penina and Comp, Christopher J and Macdoran, Peter F},
	journal={Aerospace and Electronic Systems, IEEE Transactions on},
	volume={32},
	number={2},
	pages={650--660},
	year={1996},
	publisher={IEEE}
}
@article{genrich1992chpt2,
	title={Rapid resolution of crustal motion at short ranges with the Global Positioning System},
	author={Genrich, Joachim F and Bock, Yehuda},
	journal={Journal of Geophysical Research: Solid Earth},
	volume={97},
	number={B3},
	pages={3261--3269},
	year={1992},
	publisher={Wiley Online Library}
}
@article{choi2004chpt2,
	title={Modified sidereal filtering: Implications for high-rate GPS positioning},
	author={Choi, Kyuhong and Bilich, Andria and Larson, Kristine M and Axelrad, Penina},
	journal={Geophysical research letters},
	volume={31},
	number={22},
	year={2004},
	publisher={Wiley Online Library}
}
@article{schmid2007chpt2,
	title={Generation of a consistent absolute phase-center correction model for GPS receiver and satellite antennas},
	author={Schmid, Ralf and Steigenberger, Peter and Gendt, Gerd and Ge, Maorong and Rothacher, Markus},
	journal={Journal of Geodesy},
	volume={81},
	number={12},
	pages={781--798},
	year={2007},
	publisher={Springer}
}
@article{steigenberger2006chpt2,
	title={Reprocessing of a global GPS network},
	author={Steigenberger, Peter and Rothacher, M and Dietrich, R and Fritsche, M and R{\"u}lke, A and Vey, S},
	journal={Journal of Geophysical Research: Solid Earth},
	volume={111},
	number={B5},
	year={2006},
	publisher={Wiley Online Library}
}
@article{zumberge1997chpt2,
	title={Precise point positioning for the efficient and robust analysis of GPS data from large networks},
	author={Zumberge, JF and Heflin, MB and Jefferson, DC and Watkins, MM and Webb, Frank H},
	journal={Journal of Geophysical Research: Solid Earth},
	volume={102},
	number={B3},
	pages={5005--5017},
	year={1997},
	publisher={Wiley Online Library}
}
@article{petrov2004chpt2,
	title={Study of the atmospheric pressure loading signal in very long baseline interferometry observations},
	author={Petrov, Leonid and Boy, Jean-Paul},
	journal={Journal of Geophysical Research: Solid Earth},
	volume={109},
	number={B3},
	year={2004},
	publisher={Wiley Online Library}
}
@article{altamimi2007chpt2,
	title={ITRF2005: A new release of the International Terrestrial Reference Frame based on time series of station positions and Earth Orientation Parameters},
	author={Altamimi, Z and Collilieux, X and Legrand, J and Garayt, B and Boucher, C},
	journal={Journal of Geophysical Research: Solid Earth},
	volume={112},
	number={B9},
	year={2007},
	publisher={Wiley Online Library}
}
@book{curlander1991chpt2,
	title={Synthetic aperture radar},
	author={Curlander, John C and McDonough, Robert N},
	year={1991},
	publisher={John Wiley \& Sons New York, NY, USA}
}
@article{massonnet1998chpt2,
	title={Radar interferometry and its application to changes in the Earth's surface},
	author={Massonnet, Didier and Feigl, Kurt L},
	journal={Reviews of geophysics},
	volume={36},
	number={4},
	pages={441--500},
	year={1998},
	publisher={Wiley Online Library}
}
@article{rosen2000chpt2,
	title={Synthetic aperture radar interferometry},
	author={Rosen, Paul A and Hensley, Scott and Joughin, Ian R and Li, Fuk K and Madsen, S{\o}ren N and Rodriguez, Ernesto and Goldstein, Richard M},
	journal={Proceedings of the IEEE},
	volume={88},
	number={3},
	pages={333--382},
	year={2000},
	publisher={IEEE}
}
@book{hanssen2001chpt2,
	title={Radar interferometry: data interpretation and error analysis},
	author={Hanssen, Ramon F},
	volume={2},
	year={2001},
	publisher={Springer Science \& Business Media}
}
@article{zebker1998chpt2,
	title={Phase unwrapping algorithms for radar interferometry: residue-cut, least-squares, and synthesis algorithms},
	author={Zebker, Howard A and Lu, Yanping},
	journal={JOSA A},
	volume={15},
	number={3},
	pages={586--598},
	year={1998},
	publisher={Optical Society of America}
}
@article{goldstein1995chpt2,
	title={Atmospheric limitations to repeat-track radar interferometry},
	author={Goldstein, Richard},
	journal={Geophysical research letters},
	volume={22},
	pages={2517--2517},
	year={1995},
	publisher={Citeseer}
}
@article{zebker1997chpt2,
	title={Atmospheric effects in interferometric synthetic aperture radar surface deformation and topographic maps},
	author={Zebker, Howard A and Rosen, Paul A and Hensley, Scott},
	journal={Journal of Geophysical Research: Solid Earth},
	volume={102},
	number={B4},
	pages={7547--7563},
	year={1997},
	publisher={Wiley Online Library}
}
@article{berardino2002chpt2,
	title={A new algorithm for surface deformation monitoring based on small baseline differential SAR interferograms},
	author={Berardino, Paolo and Fornaro, Gianfranco and Lanari, Riccardo and Sansosti, Eugenio},
	journal={Geoscience and Remote Sensing, IEEE Transactions on},
	volume={40},
	number={11},
	pages={2375--2383},
	year={2002},
	publisher={IEEE}
}
@article{williams1998chpt2,
	title={Integrated satellite interferometry: Tropospheric noise, GPS estimates and implications for interferometric synthetic aperture radar products},
	author={Williams, Simon and Bock, Yehuda and Fang, Peng},
	journal={Journal of Geophysical Research: Solid Earth (1978--2012)},
	volume={103},
	number={B11},
	pages={27051--27067},
	year={1998},
	publisher={Wiley Online Library}
}
@article{foster2006chpt2,
	title={Mitigating atmospheric noise for InSAR using a high resolution weather model},
	author={Foster, J and Brooks, B and Cherubini, T and Shacat, C and Businger, S and Werner, CL},
	journal={Geophysical Research Letters},
	volume={33},
	number={16},
	year={2006},
	publisher={Wiley Online Library}
}
@article{jolivet2014chpt2,
	title={Improving InSAR geodesy using global atmospheric models},
	author={Jolivet, Romain and Agram, Piyush Shanker and Lin, Nina Y and Simons, Mark and Doin, Marie-Pierre and Peltzer, Gilles and Li, Zhenhong},
	journal={Journal of Geophysical Research: Solid Earth},
	volume={119},
	number={3},
	pages={2324--2341},
	year={2014},
	publisher={Wiley Online Library}
}
@article{yoon2009chpt2,
	title={TerraSAR-X precise trajectory estimation and quality assessment},
	author={Yoon, Yoke T and Eineder, Michael and Yague-Martinez, Nestor and Montenbruck, Oliver},
	journal={Geoscience and Remote Sensing, IEEE Transactions on},
	volume={47},
	number={6},
	pages={1859--1868},
	year={2009},
	publisher={IEEE}
}
@article{eineder2011chpt2,
	title={Imaging geodesy—Toward centimeter-level ranging accuracy with TerraSAR-X},
	author={Eineder, Michael and Minet, Christian and Steigenberger, Peter and Cong, Xiaoying and Fritz, Thomas},
	journal={Geoscience and Remote Sensing, IEEE Transactions on},
	volume={49},
	number={2},
	pages={661--671},
	year={2011},
	publisher={IEEE}
}
@article{rudenko2012chpt2,
	title={New improved orbit solutions for the ERS-1 and ERS-2 satellites},
	author={Rudenko, Sergei and Otten, Michiel and Visser, Pieter and Scharroo, Remko and Sch{\"o}ne, Tilo and Esselborn, Saskia},
	journal={Advances in Space Research},
	volume={49},
	number={8},
	pages={1229--1244},
	year={2012},
	publisher={Elsevier}
}
@article{tapley2004chpt2,
	title={GRACE measurements of mass variability in the Earth system},
	author={Tapley, Byron D and Bettadpur, Srinivas and Ries, John C and Thompson, Paul F and Watkins, Michael M},
	journal={Science},
	volume={305},
	number={5683},
	pages={503--505},
	year={2004},
	publisher={American Association for the Advancement of Science}
}
@article{wahr2004chpt2,
	title={Time-variable gravity from GRACE: First results},
	author={Wahr, John and Swenson, Sean and Zlotnicki, Victor and Velicogna, Isabella},
	journal={Geophysical Research Letters},
	volume={31},
	number={11},
	year={2004},
	publisher={Wiley Online Library}
}
@article{wouters2014chpt2,
	title={GRACE, time-varying gravity, Earth system dynamics and climate change},
	author={Wouters, B and Bonin, JA and Chambers, DP and Riva, REM and Sasgen, I and Wahr, J},
	journal={Reports on Progress in Physics},
	volume={77},
	number={11},
	pages={116801},
	year={2014},
	publisher={IOP Publishing}
}
@article{chambers2012chpt2,
	title={Evaluation of Release-05 GRACE time-variable gravity coefficients over the ocean},
	author={Chambers, D P? and Bonin, JA},
	journal={Ocean Science},
	volume={8},
	number={5},
	pages={859--868},
	year={2012},
	publisher={Copernicus GmbH}
}
@article{wahr1998chpt2,
	title={Time variability of the Earth's gravity field: Hydrological and oceanic effects and their possible detection using GRACE},
	author={Wahr, John and Molenaar, Mery and Bryan, Frank},
	journal={Journal of Geophysical Research: Solid Earth (1978--2012)},
	volume={103},
	number={B12},
	pages={30205--30229},
	year={1998},
	publisher={Wiley Online Library}
}
@article{swenson2006chpt2,
	title={Post-processing removal of correlated errors in GRACE data},
	author={Swenson, Sean and Wahr, John},
	journal={Geophysical Research Letters},
	volume={33},
	number={8},
	year={2006},
	publisher={Wiley Online Library}
}
@article{chen2006chpt2,
	title={Optimized smoothing of Gravity Recovery and Climate Experiment (GRACE) time-variable gravity observations},
	author={Chen, JL and Wilson, CR and Seo, K-W},
	journal={Journal of Geophysical Research: Solid Earth},
	volume={111},
	number={B6},
	year={2006},
	publisher={Wiley Online Library}
}
@article{kusche2009chpt2,
	title={Decorrelated GRACE time-variable gravity solutions by GFZ, and their validation using a hydrological model},
	author={Kusche, J{\"u}rgen and Schmidt, Roland and Petrovic, Svetozar and Rietbroek, Roelof},
	journal={Journal of geodesy},
	volume={83},
	number={10},
	pages={903--913},
	year={2009},
	publisher={Springer}
}
@article{chen2006antarctic,
	title={Antarctic mass rates from GRACE},
	author={Chen, JL and Wilson, CR and Blankenship, DD and Tapley, BD},
	journal={Geophysical Research Letters},
	volume={33},
	number={11},
	year={2006},
	publisher={Wiley Online Library}
}
@article{velicogna2006chpt2,
	title={Acceleration of Greenland ice mass loss in spring 2004},
	author={Velicogna, Isabella and Wahr, John},
	journal={Nature},
	volume={443},
	number={7109},
	pages={329--331},
	year={2006},
	publisher={Nature Publishing Group}
}
@article{rowlands2005chpt2,
	title={Resolving mass flux at high spatial and temporal resolution using GRACE intersatellite measurements},
	author={Rowlands, DD and Luthcke, SB and Klosko, SM and Lemoine, FGR and Chinn, DS and McCarthy, JJ and Cox, CM and Anderson, OB},
	journal={Geophysical Research Letters},
	volume={32},
	number={4},
	year={2005},
	publisher={Wiley Online Library}
}
@article{schrama2011chpt2,
	title={Revisiting Greenland ice sheet mass loss observed by GRACE},
	author={Schrama, Ernst JO and Wouters, Bert},
	journal={Journal of Geophysical Research: Solid Earth},
	volume={116},
	number={B2},
	year={2011},
	publisher={Wiley Online Library}
}
@article{thomas2011chpt2,
	title={Widespread low rates of Antarctic glacial isostatic adjustment revealed by GPS observations},
	author={Thomas, Ian D and King, Matt A and Bentley, Michael J and Whitehouse, Pippa L and Penna, Nigel T and Williams, Simon DP and Riva, Riccardo EM and Lavallee, David A and Clarke, Peter J and King, Edward C and others},
	journal={Geophysical Research Letters},
	volume={38},
	number={22},
	year={2011},
	publisher={Wiley Online Library}
}
@article{lyard2006chpt2,
	title={Modelling the global ocean tides: modern insights from FES2004},
	author={Lyard, Florent and Lefevre, Fabien and Letellier, Thierry and Francis, Olivier},
	journal={Ocean Dynamics},
	volume={56},
	number={5-6},
	pages={394--415},
	year={2006},
	publisher={Springer}
}