@article{velicogna2006acceleration,
	title={Acceleration of Greenland ice mass loss in spring 2004},
	author={Velicogna, Isabella and Wahr, John},
	journal={Nature},
	volume={443},
	number={7109},
	pages={329--331},
	year={2006},
	publisher={Nature Publishing Group}
}
@article{altamimi2007itrf2005,
	title={ITRF2005: A new release of the International Terrestrial Reference Frame based on time series of station positions and Earth Orientation Parameters},
	author={Altamimi, Z and Collilieux, X and Legrand, J and Garayt, B and Boucher, C},
	journal={Journal of Geophysical Research: Solid Earth (1978--2012)},
	volume={112},
	number={B9},
	year={2007},
	publisher={Wiley Online Library}
}
@article{amundson2010ice,
	title={Ice m{\'e}lange dynamics and implications for terminus stability, Jakobshavn Isbr{\ae}, Greenland},
	author={Amundson, Jason M and Fahnestock, Mark and Truffer, Martin and Brown, Jed and L{\"u}thi, Martin P and Motyka, Roman J},
	journal={Journal of Geophysical Research: Earth Surface (2003--2012)},
	volume={115},
	number={F1},
	year={2010},
	publisher={Wiley Online Library}
}
@article{bennett2008instantaneous,
	title={Instantaneous deformation from continuous GPS: Contributions from quasi-periodic loads},
	author={Bennett, Richard A},
	journal={Geophysical Journal International},
	volume={174},
	number={3},
	pages={1052--1064},
	year={2008},
	publisher={Oxford University Press}
}
@article{bevis2012bedrock,
	title={Bedrock displacements in Greenland manifest ice mass variations, climate cycles and climate change},
	author={Bevis, Michael and Wahr, John and Khan, Shfaqat A and Madsen, Finn Bo and Brown, Abel and Willis, Michael and Kendrick, Eric and Knudsen, Per and Box, Jason E and van Dam, Tonie and others},
	journal={Proceedings of the National Academy of Sciences},
	volume={109},
	number={30},
	pages={11944--11948},
	year={2012},
	publisher={National Acad Sciences}
}
@article{blewitt2008fixed,
	title={Fixed point theorems of GPS carrier phase ambiguity resolution and their application to massive network processing: Ambizap},
	author={Blewitt, Geoffrey},
	journal={Journal of Geophysical Research: Solid Earth (1978--2012)},
	volume={113},
	number={B12},
	year={2008},
	publisher={Wiley Online Library}
}
@article{bohm2006global,
	title={Global Mapping Function (GMF): A new empirical mapping function based on numerical weather model data},
	author={B{\"o}hm, Johannes and Niell, Arthur and Tregoning, Paul and Schuh, Harald},
	journal={Geophysical Research Letters},
	volume={33},
	number={7},
	year={2006},
	publisher={Wiley Online Library}
}
@article{box2010greenland,
	title={Greenland [in Arctic Report Card 2010]},
	author={Box, J and Cappelen, J and Decker, D and Fettweis, Xavier and Mote, T and Tedesco, M and van de Wal, R},
	year={2010}
}
@techreport{carstensen2011weather,
	title={Weather and Climate Data from Greenland 1958-2010 Danish Meteorological Institute},
	author={Carstensen, LS and J{\o}rgensen, BV},
	year={2011},
	institution={Technical Report}
}
@article{chen2006satellite,
	title={Satellite gravity measurements confirm accelerated melting of Greenland ice sheet},
	author={Chen, JL and Wilson, CR and Tapley, BD},
	journal={Science},
	volume={313},
	number={5795},
	pages={1958--1960},
	year={2006},
	publisher={American Association for the Advancement of Science}
}
@article{chen2011interannual,
	title={Interannual variability of Greenland ice losses from satellite gravimetry},
	author={Chen, JL and Wilson, CR and Tapley, BD},
	journal={Journal of Geophysical Research: Solid Earth (1978--2012)},
	volume={116},
	number={B7},
	year={2011},
	publisher={Wiley Online Library}
}
@article{davis2006subcontinental,
	title={Subcontinental-scale crustal velocity changes along the Pacific--North America plate boundary},
	author={Davis, JL and Wernicke, BP and Bisnath, S and Niemi, NA and El{\'o}segui, P},
	journal={Nature},
	volume={441},
	number={7097},
	pages={1131--1134},
	year={2006},
	publisher={Nature Publishing Group}
}
@article{davis2012seasonal,
	title={On seasonal signals in geodetic time series},
	author={Davis, James L and Wernicke, Brian P and Tamisiea, Mark E},
	journal={Journal of Geophysical Research: Solid Earth (1978--2012)},
	volume={117},
	number={B1},
	year={2012},
	publisher={Wiley Online Library}
}
@article{douglass2005climate,
	title={Climate forcing by the volcanic eruption of Mount Pinatubo},
	author={Douglass, David H and Knox, Robert S},
	journal={Geophysical Research Letters},
	volume={32},
	number={5},
	year={2005},
	publisher={Wiley Online Library}
}
@article{ettema2009higher,
	title={Higher surface mass balance of the Greenland ice sheet revealed by high-resolution climate modeling},
	author={Ettema, Janneke and van den Broeke, Michiel R and van Meijgaard, Erik and van de Berg, Willem Jan and Bamber, Jonathan L and Box, Jason E and Bales, Roger C},
	journal={Geophysical Research Letters},
	volume={36},
	number={12},
	year={2009},
	publisher={Wiley Online Library}
}
@article{ettema2010climateA,
	title={Climate of the Greenland ice sheet using a high-resolution climate model--Part 1: Evaluation},
	author={Ettema, J and Van den Broeke, MR and Meijgaard, E van and Van de Berg, WJ and Box, JE and Steffen, K},
	journal={The Cryosphere},
	volume={4},
	number={4},
	pages={511--527},
	year={2010},
	publisher={Copernicus GmbH}
}
@article{ettema2010climateB,
	title={Climate of the Greenland ice sheet using a high-resolution climate model-Part 2: Near-surface climate and energy balance},
	author={Ettema, J and Van den Broeke, MR and Van Meijgaard, E and Van de Berg, WJ},
	journal={The Cryosphere},
	volume={4},
	number={4},
	pages={529},
	year={2010},
	publisher={Copernicus GmbH}
}
@article{hall2008greenland,
	title={Greenland ice sheet surface temperature, melt and mass loss: 2000--06},
	author={Hall, Dorothy K and Williams, Richard S and Luthcke, Scott B and Digirolamo, Nicolo E},
	journal={Journal of Glaciology},
	volume={54},
	number={184},
	pages={81--93},
	year={2008},
	publisher={International Glaciological Society}
}
@article{hanna2005runoff,
	title={Runoff and mass balance of the Greenland ice sheet: 1958--2003},
	author={Hanna, Edward and Huybrechts, Philippe and Janssens, Ives and Cappelen, John and Steffen, Konrad and Stephens, Ag},
	journal={Journal of Geophysical Research: Atmospheres (1984--2012)},
	volume={110},
	number={D13},
	year={2005},
	publisher={Wiley Online Library}
}
@article{hanna2009hydrologic,
	title={Hydrologic response of the Greenland ice sheet: the role of oceanographic warming},
	author={Hanna, E and Cappelen, J and Fettweis, Xavier and Huybrechts, P and Luckman, A and Ribergaard, MH},
	journal={Hydrological Processes},
	volume={23},
	number={1},
	pages={7--30},
	year={2009},
	publisher={Wiley Online Library}
}
@article{holland2008acceleration,
	title={Acceleration of Jakobshavn Isbrae triggered by warm subsurface ocean waters},
	author={Holland, David M and Thomas, Robert H and De Young, Brad and Ribergaard, Mads H and Lyberth, Bjarne},
	journal={Nature Geoscience},
	volume={1},
	number={10},
	pages={659--664},
	year={2008},
	publisher={Nature Publishing Group}
}
@article{huybrechts1999dynamic,
	title={The dynamic response of the Greenland and Antarctic ice sheets to multiple-century climatic warming},
	author={Huybrechts, Philippe and de Wolde, Jan},
	journal={Journal of Climate},
	volume={12},
	number={8},
	pages={2169--2188},
	year={1999}
}
@article{ingleby2007quality,
	title={Quality control of ocean temperature and salinity profilesâ€”Historical and real-time data},
	author={Ingleby, Bruce and Huddleston, Matt},
	journal={Journal of Marine Systems},
	volume={65},
	number={1},
	pages={158--175},
	year={2007},
	publisher={Elsevier}
}
@article{jacob2012recent,
	title={Recent contributions of glaciers and ice caps to sea level rise},
	author={Jacob, Thomas and Wahr, John and Pfeffer, W Tad and Swenson, Sean},
	journal={Nature},
	volume={482},
	number={7386},
	pages={514--518},
	year={2012},
	publisher={Nature Publishing Group}
}
@article{jiang2010accelerating,
	title={Accelerating uplift in the North Atlantic region as an indicator of ice loss},
	author={Jiang, Yan and Dixon, Timothy H and Wdowinski, Shimon},
	journal={Nature Geoscience},
	volume={3},
	number={6},
	pages={404--407},
	year={2010},
	publisher={Nature Publishing Group}
}
@article{joughin2012ice,
	title={Ice-sheet response to oceanic forcing},
	author={Joughin, Ian and Alley, Richard B and Holland, David M},
	journal={science},
	volume={338},
	number={6111},
	pages={1172--1176},
	year={2012},
	publisher={American Association for the Advancement of Science}
}
@article{khan2010spread,
	title={Spread of ice mass loss into northwest Greenland observed by GRACE and GPS},
	author={Khan, Shfaqat Abbas and Wahr, John and Bevis, Michael and Velicogna, Isabella and Kendrick, Eric},
	journal={Geophysical Research Letters},
	volume={37},
	number={6},
	year={2010},
	publisher={Wiley Online Library}
}
@article{koren2011aerosol,
	title={Aerosol--cloud--precipitation system as a predator-prey problem},
	author={Koren, Ilan and Feingold, Graham},
	journal={Proceedings of the National Academy of Sciences},
	volume={108},
	number={30},
	pages={12227--12232},
	year={2011},
	publisher={National Acad Sciences}
}
@article{krabill2004greenland,
	title={Greenland ice sheet: increased coastal thinning},
	author={Krabill, W and Hanna, E and Huybrechts, Philippe and Abdalati, W and Cappelen, J and Csatho, B and Frederick, E and Manizade, S and Martin, C and Sonntag, J and others},
	journal={Geophysical Research Letters},
	volume={31},
	number={24},
	year={2004},
	publisher={Wiley Online Library}
}
@article{kuipers2011new,
	title={A new albedo parameterization for use in climate models over the Antarctic ice sheet},
	author={Kuipers Munneke, P and Van den Broeke, MR and Lenaerts, JTM and Flanner, MG and Gardner, AS and Van de Berg, WJ},
	journal={Journal of Geophysical Research: Atmospheres (1984--2012)},
	volume={116},
	number={D5},
	year={2011},
	publisher={Wiley Online Library}
}
@phdthesis{letellier2005etude,
	title={Etude des ondes de mar{\'e}e sur les plateaux continentaux},
	author={Letellier, Thierry},
	year={2005},
	school={Toulouse 3}
}
@article{luthcke2006recent,
	title={Recent Greenland ice mass loss by drainage system from satellite gravity observations},
	author={Luthcke, Scott B and Zwally, HJ and Abdalati, W and Rowlands, DD and Ray, RD and Nerem, RS and Lemoine, FG and McCarthy, JJ and Chinn, DS},
	journal={Science},
	volume={314},
	number={5803},
	pages={1286--1289},
	year={2006},
	publisher={American Association for the Advancement of Science}
}
@article{motyka2003submarine,
	title={Submarine melting at the terminus of a temperate tidewater glacier, LeConte Glacier, Alaska, USA},
	author={Motyka, Roman J and Hunter, Lewis and Echelmeyer, Keith A and Connor, Cathy},
	journal={Annals of Glaciology},
	volume={36},
	number={1},
	pages={57--65},
	year={2003},
	publisher={International Glaciological Society}
}
@article{motyka2011submarine,
	title={Submarine melting of the 1985 Jakobshavn Isbr{\ae} floating tongue and the triggering of the current retreat},
	author={Motyka, Roman J and Truffer, Martin and Fahnestock, Mark and Mortensen, John and Rysgaard, S{\o}ren and Howat, Ian},
	journal={Journal of Geophysical Research: Earth Surface (2003--2012)},
	volume={116},
	number={F1},
	year={2011},
	publisher={Wiley Online Library}
}
@article{murray2005spatiotemporal,
	title={Spatiotemporal evolution of a transient slip event on the San Andreas fault near Parkfield, California},
	author={Murray, JR and Segall, P},
	journal={Journal of Geophysical Research: Solid Earth (1978--2012)},
	volume={110},
	number={B9},
	year={2005},
	publisher={Wiley Online Library}
}
@article{murray2010ocean,
	title={Ocean regulation hypothesis for glacier dynamics in southeast Greenland and implications for ice sheet mass changes},
	author={Murray, Tavi and Scharrer, K and James, TD and Dye, SR and Hanna, E and Booth, AD and Selmes, N and Luckman, A and Hughes, ALC and Cook, S and others},
	journal={Journal of Geophysical Research: Earth Surface (2003--2012)},
	volume={115},
	number={F3},
	year={2010},
	publisher={Wiley Online Library}
}
@article{myers2007irminger,
	title={Irminger water variability in the West Greenland Current},
	author={Myers, Paul G and Kulan, Nilgun and Ribergaard, Mads H},
	journal={Geophysical Research Letters},
	volume={34},
	number={17},
	year={2007},
	publisher={Wiley Online Library}
}
@article{payne2004recent,
	title={Recent dramatic thinning of largest West Antarctic ice stream triggered by oceans},
	author={Payne, Antony J and Vieli, Andreas and Shepherd, Andrew P and Wingham, Duncan J and Rignot, Eric},
	journal={Geophysical Research Letters},
	volume={31},
	number={23},
	year={2004},
	publisher={Wiley Online Library}
}
@article{petrov2004study,
	title={Study of the atmospheric pressure loading signal in very long baseline interferometry observations},
	author={Petrov, Leonid and Boy, Jean-Paul},
	journal={Journal of Geophysical Research: Solid Earth (1978--2012)},
	volume={109},
	number={B3},
	year={2004},
	publisher={Wiley Online Library}
}
@article{pritchard2009extensive,
	title={Extensive dynamic thinning on the margins of the Greenland and Antarctic ice sheets},
	author={Pritchard, Hamish D and Arthern, Robert J and Vaughan, David G and Edwards, Laura A},
	journal={Nature},
	volume={461},
	number={7266},
	pages={971--975},
	year={2009},
	publisher={Nature Publishing Group}
}
@article{rignot2006changes,
	title={Changes in the velocity structure of the Greenland Ice Sheet},
	author={Rignot, Eric and Kanagaratnam, Pannir},
	journal={Science},
	volume={311},
	number={5763},
	pages={986--990},
	year={2006},
	publisher={American Association for the Advancement of Science}
}
@article{rignot2008mass,
	title={Mass balance of the Greenland ice sheet from 1958 to 2007},
	author={Rignot, E and Box, JE and Burgess, E and Hanna, E},
	journal={Geophysical Research Letters},
	volume={35},
	number={20},
	year={2008},
	publisher={Wiley Online Library}
}
@article{schrama2011revisiting,
	title={Revisiting Greenland ice sheet mass loss observed by GRACE},
	author={Schrama, Ernst JO and Wouters, Bert},
	journal={Journal of Geophysical Research: Solid Earth (1978--2012)},
	volume={116},
	number={B2},
	year={2011},
	publisher={Wiley Online Library}
}
@article{seale2011ocean,
	title={Ocean forcing of the Greenland Ice Sheet: Calving fronts and patterns of retreat identified by automatic satellite monitoring of eastern outlet glaciers},
	author={Seale, Anthony and Christoffersen, Poul and Mugford, Ruth I and O'Leary, Martin},
	journal={Journal of Geophysical Research: Earth Surface (2003--2012)},
	volume={116},
	number={F3},
	year={2011},
	publisher={Wiley Online Library}
}
@article{shepherd2004warm,
	title={Warm ocean is eroding West Antarctic ice sheet},
	author={Shepherd, Andrew and Wingham, Duncan and Rignot, Eric},
	journal={Geophysical Research Letters},
	volume={31},
	number={23},
	year={2004},
	publisher={Wiley Online Library}
}
@article{straneo2010rapid,
	title={Rapid circulation of warm subtropical waters in a major glacial fjord in East Greenland},
	author={Straneo, Fiammetta and Hamilton, Gordon S and Sutherland, David A and Stearns, Leigh A and Davidson, Fraser and Hammill, Mike O and Stenson, Garry B and Rosing-Asvid, Aqqalu},
	journal={Nature Geoscience},
	volume={3},
	number={3},
	pages={182--186},
	year={2010},
	publisher={Nature Publishing Group}
}
@article{straneo2012characteristics,
	title={Characteristics of ocean waters reaching Greenland's glaciers},
	author={Straneo, Fiammetta and Sutherland, David A and Holland, David and Gladish, Carl and Hamilton, Gordon S and Johnson, Helen L and Rignot, Eric and Xu, Yun and Koppes, Michele},
	journal={Annals of Glaciology},
	volume={53},
	number={60},
	pages={202--210},
	year={2012},
	publisher={International Glaciological Society}
}
@article{tedesco2011role,
	title={The role of albedo and accumulation in the 2010 melting record in Greenland},
	author={Tedesco, Marco and Fettweis, Xavier and Van den Broeke, MR and Van de Wal, RSW and Smeets, CJPP and van de Berg, Willem Jan and Serreze, MC and Box, JE},
	journal={Environmental Research Letters},
	volume={6},
	number={1},
	pages={014005},
	year={2011},
	publisher={IOP Publishing}
}
@article{thomas2006progressive,
	title={Progressive increase in ice loss from Greenland},
	author={Thomas, R and Frederick, E and Krabill, W and Manizade, S and Martin, C},
	journal={Geophysical Research Letters},
	volume={33},
	number={10},
	year={2006},
	publisher={Wiley Online Library}
}
@article{van2012sensitivity,
	title={Sensitivity of Greenland Ice Sheet surface mass balance to surface albedo parameterization: a study with a regional climate model},
	author={Van Angelen, J and Lenaerts, Jan and Lhermitte, Stef and Fettweis, Xavier and Kuipers Munneke, P and van den Broeke, M and Van Meijgaard, E},
	journal={Cryosphere},
	volume={6},
	pages={1175--1186},
	year={2012},
	publisher={Copernicus}
}
@article{van2008large,
	title={Large and rapid melt-induced velocity changes in the ablation zone of the Greenland ice sheet},
	author={Van de Wal, RSW and Boot, W and Van den Broeke, MR and Smeets, CJPP and Reijmer, CH and Donker, JJA and Oerlemans, J},
	journal={science},
	volume={321},
	number={5885},
	pages={111--113},
	year={2008},
	publisher={American Association for the Advancement of Science}
}
@article{van2009partitioning,
	title={Partitioning recent Greenland mass loss},
	author={van den Broeke, Michiel and Bamber, Jonathan and Ettema, Janneke and Rignot, Eric and Schrama, Ernst and van de Berg, Willem Jan and van Meijgaard, Erik and Velicogna, Isabella and Wouters, Bert},
	journal={science},
	volume={326},
	number={5955},
	pages={984--986},
	year={2009},
	publisher={American Association for the Advancement of Science}
}
@article{velicogna2009increasing,
	title={Increasing rates of ice mass loss from the Greenland and Antarctic ice sheets revealed by GRACE},
	author={Velicogna, Isabella},
	journal={Geophysical Research Letters},
	volume={36},
	number={19},
	year={2009},
	publisher={Wiley Online Library}
}
@article{walker1981negative,
	title={A negative feedback mechanism for the long-term stabilization of the Earth's surface temperature},
	author={Walker, James CG and Hays, PB and Kasting, JF},
	journal={Journal of Geophysical Research},
	volume={86},
	number={C10},
	pages={9776--9782},
	year={1981}
}
@article{wouters2008grace,
	title={GRACE observes small-scale mass loss in Greenland},
	author={Wouters, B and Chambers, D and Schrama, EJO},
	journal={Geophysical Research Letters},
	volume={35},
	number={20},
	year={2008},
	publisher={Wiley Online Library}
}
@article{zumberge1997precise,
	title={Precise point positioning for the efficient and robust analysis of GPS data from large networks},
	author={Zumberge, JF and Heflin, MB and Jefferson, DC and Watkins, MM and Webb, Frank H},
	journal={Journal of Geophysical Research: Solid Earth (1978--2012)},
	volume={102},
	number={B3},
	pages={5005--5017},
	year={1997},
	publisher={Wiley Online Library}
}
@article{zwally2002surface,
	title={Surface melt-induced acceleration of Greenland ice-sheet flow},
	author={Zwally, H Jay and Abdalati, Waleed and Herring, Tom and Larson, Kristine and Saba, Jack and Steffen, Konrad},
	journal={Science},
	volume={297},
	number={5579},
	pages={218--222},
	year={2002},
	publisher={American Association for the Advancement of Science}
}
@article{zwally2005mass,
	title={Mass changes of the Greenland and Antarctic ice sheets and shelves and contributions to sea-level rise: 1992--2002},
	author={Zwally, H Jay and Giovinetto, Mario B and Li, Jun and Cornejo, Helen G and Beckley, Matthew A and Brenner, Anita C and Saba, Jack L and Yi, Donghui},
	journal={Journal of Glaciology},
	volume={51},
	number={175},
	pages={509--527},
	year={2005},
	publisher={International Glaciological Society}
}