@article{hanna2014chpt6,
  title={Atmospheric and oceanic climate forcing of the exceptional Greenland ice sheet surface melt in summer 2012},
  author={Hanna, Edward and Fettweis, Xavier and Mernild, Sebastian H and Cappelen, John and Ribergaard, Mads H and Shuman, Christopher A and Steffen, Konrad and Wood, Len and Mote, Thomas L},
  journal={International Journal of Climatology},
  volume={34},
  number={4},
  pages={1022--1037},
  year={2014},
  publisher={Wiley Online Library}
}
@article{tedesco2015chpt6,
  title={Greenland Ice Sheet [in Arctic Report Card 2015]},
  author={Tedesco, M and Box, J and Cappelen, J and Fausto, R and Fettweis, X and Hansen, K and Mote, T and Smeets, C and As, D and van de Wal, R and Wahr, J},
  year={2015}
}
@article{nield2014chpt6,
  title={Rapid bedrock uplift in the Antarctic Peninsula explained by viscoelastic response to recent ice unloading},
  author={Nield, Grace A and Barletta, Valentina R and Bordoni, Andrea and King, Matt A and Whitehouse, Pippa L and Clarke, Peter J and Domack, Eugene and Scambos, Ted A and Berthier, Etienne},
  journal={Earth and Planetary Science Letters},
  volume={397},
  pages={32--41},
  year={2014},
  publisher={Elsevier}
}
@article{howat2005chpt6,
  title={Rapid retreat and acceleration of Helheim Glacier, east Greenland},
  author={Howat, Ian M and Joughin, I and Tulaczyk, S and Gogineni, S},
  journal={Geophysical Research Letters},
  volume={32},
  number={22},
  year={2005},
  publisher={Wiley Online Library}
}
@article{nick2009chpt6,
  title={Large-scale changes in Greenland outlet glacier dynamics triggered at the terminus},
  author={Nick, Faezeh M and Vieli, Andreas and Howat, Ian M and Joughin, Ian},
  journal={Nature Geoscience},
  volume={2},
  number={2},
  pages={110--114},
  year={2009},
  publisher={Nature Publishing Group}
}