@article{zwally2005intro,
  title={Mass changes of the Greenland and Antarctic ice sheets and shelves and contributions to sea-level rise: 1992--2002},
  author={Zwally, H Jay and Giovinetto, Mario B and Li, Jun and Cornejo, Helen G and Beckley, Matthew A and Brenner, Anita C and Saba, Jack L and Yi, Donghui},
  journal={Journal of Glaciology},
  volume={51},
  number={175},
  pages={509--527},
  year={2005},
  publisher={International Glaciological Society}
}
@article{thomas2006intro,
  title={Progressive increase in ice loss from Greenland},
  author={Thomas, R and Frederick, E and Krabill, W and Manizade, S and Martin, C},
  journal={Geophysical Research Letters},
  volume={33},
  number={10},
  year={2006},
  publisher={Wiley Online Library}
}
@article{luthcke2006intro,
  title={Recent Greenland ice mass loss by drainage system from satellite gravity observations},
  author={Luthcke, Scott B and Zwally, HJ and Abdalati, W and Rowlands, DD and Ray, RD and Nerem, RS and Lemoine, FG and McCarthy, JJ and Chinn, DS},
  journal={Science},
  volume={314},
  number={5803},
  pages={1286--1289},
  year={2006},
  publisher={American Association for the Advancement of Science}
}
@article{rignot2006intro,
  title={Changes in the velocity structure of the Greenland Ice Sheet},
  author={Rignot, Eric and Kanagaratnam, Pannir},
  journal={Science},
  volume={311},
  number={5763},
  pages={986--990},
  year={2006},
  publisher={American Association for the Advancement of Science}
}
@article{wouters2008intro,
  title={GRACE observes small-scale mass loss in Greenland},
  author={Wouters, B and Chambers, D and Schrama, EJO},
  journal={Geophysical Research Letters},
  volume={35},
  number={20},
  year={2008},
  publisher={Wiley Online Library}
}
@article{bevis2012intro,
  title={Bedrock displacements in Greenland manifest ice mass variations, climate cycles and climate change},
  author={Bevis, Michael and Wahr, John and Khan, Shfaqat A and Madsen, Finn Bo and Brown, Abel and Willis, Michael and Kendrick, Eric and Knudsen, Per and Box, Jason E and van Dam, Tonie and others},
  journal={Proceedings of the National Academy of Sciences},
  volume={109},
  number={30},
  pages={11944--11948},
  year={2012},
  publisher={National Acad Sciences}
}
@article{jiang2010intro,
  title={Accelerating uplift in the North Atlantic region as an indicator of ice loss},
  author={Jiang, Yan and Dixon, Timothy H and Wdowinski, Shimon},
  journal={Nature Geoscience},
  volume={3},
  number={6},
  pages={404--407},
  year={2010},
  publisher={Nature Publishing Group}
}
@article{nghiem2012intro,
  title={The extreme melt across the Greenland ice sheet in 2012},
  author={Nghiem, SV and Hall, DK and Mote, TL and Tedesco, M and Albert, MR and Keegan, K and Shuman, CA and DiGirolamo, NE and Neumann, G},
  journal={Geophysical Research Letters},
  volume={39},
  number={20},
  year={2012},
  publisher={Wiley Online Library}
}
@article{zwally2002intro,
  title={Surface melt-induced acceleration of Greenland ice-sheet flow},
  author={Zwally, H Jay and Abdalati, Waleed and Herring, Tom and Larson, Kristine and Saba, Jack and Steffen, Konrad},
  journal={Science},
  volume={297},
  number={5579},
  pages={218--222},
  year={2002},
  publisher={American Association for the Advancement of Science}
}
@article{hall2008intro,
  title={Greenland ice sheet surface temperature, melt and mass loss: 2000--06},
  author={Hall, Dorothy K and Williams, Richard S and Luthcke, Scott B and Digirolamo, Nicolo E},
  journal={Journal of Glaciology},
  volume={54},
  number={184},
  pages={81--93},
  year={2008},
  publisher={International Glaciological Society}
}
@article{van2008intro,
  title={Large and rapid melt-induced velocity changes in the ablation zone of the Greenland ice sheet},
  author={Van de Wal, RSW and Boot, W and Van den Broeke, MR and Smeets, CJPP and Reijmer, CH and Donker, JJA and Oerlemans, J},
  journal={science},
  volume={321},
  number={5885},
  pages={111--113},
  year={2008},
  publisher={American Association for the Advancement of Science}
}
@article{holland2008intro,
  title={Acceleration of Jakobshavn Isbrae triggered by warm subsurface ocean waters},
  author={Holland, David M and Thomas, Robert H and De Young, Brad and Ribergaard, Mads H and Lyberth, Bjarne},
  journal={Nature Geoscience},
  volume={1},
  number={10},
  pages={659--664},
  year={2008},
  publisher={Nature Publishing Group}
}
@article{hanna2009intro,
  title={Hydrologic response of the Greenland ice sheet: the role of oceanographic warming},
  author={Hanna, E and Cappelen, J and Fettweis, Xavier and Huybrechts, P and Luckman, A and Ribergaard, MH},
  journal={Hydrological Processes},
  volume={23},
  number={1},
  pages={7--30},
  year={2009},
  publisher={Wiley Online Library}
}
@article{seale2011intro,
  title={Ocean forcing of the Greenland Ice Sheet: Calving fronts and patterns of retreat identified by automatic satellite monitoring of eastern outlet glaciers},
  author={Seale, Anthony and Christoffersen, Poul and Mugford, Ruth I and O'Leary, Martin},
  journal={Journal of Geophysical Research: Earth Surface (2003--2012)},
  volume={116},
  number={F3},
  year={2011},
  publisher={Wiley Online Library}
}
@article{straneo2010intro,
  title={Rapid circulation of warm subtropical waters in a major glacial fjord in East Greenland},
  author={Straneo, Fiammetta and Hamilton, Gordon S and Sutherland, David A and Stearns, Leigh A and Davidson, Fraser and Hammill, Mike O and Stenson, Garry B and Rosing-Asvid, Aqqalu},
  journal={Nature Geoscience},
  volume={3},
  number={3},
  pages={182--186},
  year={2010},
  publisher={Nature Publishing Group}
}
@article{straneo2012intro,
  title={Characteristics of ocean waters reaching Greenland's glaciers},
  author={Straneo, Fiammetta and Sutherland, David A and Holland, David and Gladish, Carl and Hamilton, Gordon S and Johnson, Helen L and Rignot, Eric and Xu, Yun and Koppes, Michele},
  journal={Annals of Glaciology},
  volume={53},
  number={60},
  pages={202--210},
  year={2012},
  publisher={International Glaciological Society}
}
@article{straneo2013intro,
  title={North Atlantic warming and the retreat of Greenland's outlet glaciers},
  author={Straneo, Fiammetta and Heimbach, Patrick},
  journal={Nature},
  volume={504},
  number={7478},
  pages={36--43},
  year={2013},
  publisher={Nature Publishing Group}
}
@article{stommel1961intro,
   author = {Stommel, H. },
   title = {Thermohaline Convection with Two Stable Regimes of Flow.},
   journal = {Tellus},
   volume = {13},
   number = {2},
   pages = {224-230},
   year = {1961},
   type = {Journal Article}
}
@article{rooth1982intro,
   author = {Rooth, C.},
   title = {Hydrology and Ocean Circulation},
   journal = {Progress in Oceanography},
   volume = {11},
   number = {2},
   pages = {131-149},
   ISSN = {0079-6611},
   DOI = {Doi 10.1016/0079-6611(82)90006-4},
   url = {<Go to ISI>://WOS:A1982NS53800004},
   year = {1982},
   type = {Journal Article}
}
@article{rahmstorf1995intro,
   author = {Rahmstorf, S.},
   title = {Bifurcations of the Atlantic Thermohaline Circulation in Response to Changes in the Hydrological Cycle},
   journal = {Nature},
   volume = {378},
   number = {6553},
   pages = {145-149},
   keywords = {ocean-atmosphere system north-atlantic heat fluxes model sea},
   ISSN = {0028-0836},
   DOI = {DOI 10.1038/378145a0},
   url = {<Go to ISI>://WOS:A1995TD75900042},
   year = {1995},
   type = {Journal Article}
}
@article{stouffer2006intro,
  title={Investigating the causes of the response of the thermohaline circulation to past and future climate changes},
  author={Stouffer, Ronald J and Yin, J and Gregory, JM and Dixon, KW and Spelman, MJ and Hurlin, W and Weaver, AJ and Eby, M and Flato, GM and Hasumi, H and others},
  journal={Journal of Climate},
  volume={19},
  number={8},
  pages={1365--1387},
  year={2006}
}
@article{manabe1993intro,
  title={Century-scale effects of increased atmospheric CO 2 on the ocean-atmosphere system},
  author={Manabe, Syukuro and Stouffer, Ronald J},
  journal={Nature},
  volume={364},
  number={6434},
  pages={215--218},
  year={1993}
}
@article{manabe1995intro,
  title={Simulation of abrupt climate change induced by freshwater input to the North Atlantic Ocean},
  author={Manabe, Syukuro and Stouffer, Ronald J},
  journal={Nature},
  volume={378},
  number={6553},
  pages={165--167},
  year={1995}
}
@article{clark2002intro,
  title={The role of the thermohaline circulation in abrupt climate change},
  author={Clark, Peter U and Pisias, Nicklas G and Stocker, Thomas F and Weaver, Andrew J},
  journal={Nature},
  volume={415},
  number={6874},
  pages={863--869},
  year={2002},
  publisher={Nature Publishing Group}
}
@article{ettema2009intro,
  title={Higher surface mass balance of the Greenland ice sheet revealed by high-resolution climate modeling},
  author={Ettema, Janneke and van den Broeke, Michiel R and van Meijgaard, Erik and van de Berg, Willem Jan and Bamber, Jonathan L and Box, Jason E and Bales, Roger C},
  journal={Geophysical Research Letters},
  volume={36},
  number={12},
  year={2009},
  publisher={Wiley Online Library}
}
@article{noel2015intro,
  title={Summer snowfall on the Greenland Ice Sheet: a study with the updated regional climate model RACMO2. 3},
  author={No{\"e}l, B and van de Berg, WJ and Meijgaard, E van and Kuipers Munneke, P and van de Wal, RSW and van den Broeke, MR},
  journal={The Cryosphere Discussions},
  volume={9},
  number={1},
  pages={1177--1208},
  year={2015},
  publisher={Copernicus GmbH}
}
@article{streit2004intro,
  title={Estimating fault stability and sustainable fluid pressures for underground storage of CO 2 in porous rock},
  author={Streit, J{\"u}rgen E and Hillis, Richard R},
  journal={Energy},
  volume={29},
  number={9},
  pages={1445--1456},
  year={2004},
  publisher={Elsevier}
}
@article{zhou2010intro,
  title={Microseismic event location for monitoring CO 2 injection using double-difference tomography},
  author={Zhou, Rongmao and Huang, Lianjie and Rutledge, James},
  journal={The Leading Edge},
  volume={29},
  number={2},
  pages={208--214},
  year={2010},
  publisher={Society of Exploration Geophysicists}
}
@article{mazzoldi2012intro,
  title={Induced seismicity within geological carbon sequestration projects: maximum earthquake magnitude and leakage potential from undetected faults},
  author={Mazzoldi, Alberto and Rinaldi, Antonio P and Borgia, Andrea and Rutqvist, Jonny},
  journal={International Journal of Greenhouse Gas Control},
  volume={10},
  pages={434--442},
  year={2012},
  publisher={Elsevier}
}
@article{vasco2010intro,
  title={Satellite-based measurements of surface deformation reveal fluid flow associated with the geological storage of carbon dioxide},
  author={Vasco, DW and Rucci, Alessio and Ferretti, Alessandro and Novali, Fabrizio and Bissell, RC and Ringrose, PS and Mathieson, AS and Wright, IW},
  journal={Geophysical Research Letters},
  volume={37},
  number={3},
  year={2010},
  publisher={Wiley Online Library}
}
@article{rinaldi2013intro,
  title={Modeling of deep fracture zone opening and transient ground surface uplift at KB-502 CO 2 injection well, In Salah, Algeria},
  author={Rinaldi, Antonio P and Rutqvist, Jonny},
  journal={International Journal of Greenhouse Gas Control},
  volume={12},
  pages={155--167},
  year={2013},
  publisher={Elsevier}
}
@article{tomas2005intro,
  title={Mapping ground subsidence induced by aquifer overexploitation using advanced Differential SAR Interferometry: Vega Media of the Segura River (SE Spain) case study},
  author={Tom{\'a}s, Roberto and M{\'a}rquez, Yolanda and Lopez-Sanchez, Juan M and Delgado, Jos{\'e} and Blanco, Pablo and Mallorqu{\'\i}, Jordi J and Mart{\'\i}nez, M{\'o}nica and Herrera, Gerardo and Mulas, Joaqu{\'\i}n},
  journal={Remote Sensing of Environment},
  volume={98},
  number={2},
  pages={269--283},
  year={2005},
  publisher={Elsevier}
}
@article{keranen2013intro,
	title={Potentially induced earthquakes in Oklahoma, USA: Links between wastewater injection and the 2011 Mw 5.7 earthquake sequence},
	author={Keranen, Katie M and Savage, Heather M and Abers, Geoffrey A and Cochran, Elizabeth S},
	journal={Geology},
	volume={41},
	number={6},
	pages={699--702},
	year={2013},
	publisher={Geological Society of America}
}
@article{mcgarr2015intro,
	title={Coping with earthquakes induced by fluid injection},
	author={McGarr, A and Bekins, Barbara and Burkardt, Nina and Dewey, J and Earle, P and Ellsworth, W and Ge, Shemin and Hickman, S and Holland, A and Majer, Ernest and others},
	journal={Science},
	volume={347},
	number={6224},
	pages={830--831},
	year={2015},
	publisher={American Association for The Advancement of Science, Washington, USA}
}