@article{jones1971iceberg,
  title={{Iceberg Tracking off Labrador}},
  author={Jones, GHS and Diehl, CHH},
  year={1971},
  publisher={Nature Publishing Group}
}

@inproceedings{dempster1974measurement,
  title={{The measurement and modelling of iceberg drift}},
  author={Dempster, RT},
  booktitle={{Engineering in the Ocean Environment, Ocean'74-IEEE International Conference on}},
  pages={125--129},
  year={1974},
  organization={IEEE}
}

@article{whitmore1985iceberg,
  title={{Iceberg paths and collision risks for fixed marine structures}},
  author={Whitmore, GA and Gentleman, Jane F},
  journal={Canadian Journal of Statistics},
  volume={13},
  number={2},
  pages={83--87},
  year={1985},
  publisher={Wiley Online Library}
}

@article{straneo2013challenges,
  title={{Challenges to Understanding the Dynamic Response of Greenland's Marine Terminating Glaciers to Oceanic and Atmospheric Forcing}},
  author={Straneo, Fiammetta and Heimbach, Patrick and Sergienko, Olga and Hamilton, Gordon and Catania, Ginny and Griffies, Stephen and Hallberg, Robert and Jenkins, Adrian and Joughin, Ian and Motyka, Roman and others},
  journal={Bulletin of the American Meteorological Society},
  volume={94},
  number={8},
  year={2013}
}

@article{silva2005computer,
  title={{Computer-based identification and tracking of Antarctic icebergs in SAR images}},
  author={Silva, Tiago AM and Bigg, Grant R},
  journal={Remote sensing of environment},
  volume={94},
  number={3},
  pages={287--297},
  year={2005},
  publisher={Elsevier}
}

@inproceedings{williams1995image,
  title={{An image segmentation technique to infer the outlines of icebergs, depicted in satellite images, from their shadows and bright sunlit surfaces}},
  author={Williams, R and Macdonald, M},
  booktitle={{Intelligent Information Systems, 1995. ANZIIS-95. Proceedings of the Third Australian and New Zealand Conference on}},
  pages={76--81},
  year={1995},
  organization={IEEE}
}
@article{willis1996iceberg,
  title={{Iceberg detection using ERS-1 synthetic aperture radar}},
  author={Willis, CJ and Macklin, JT and Partington, KC and Teleki, KA and Rees, WG and Williams, RG},
  journal={International Journal of Remote Sensing},
  volume={17},
  number={9},
  pages={1777--1795},
  year={1996},
  publisher={Taylor \& Francis}
}

@article{smith1983influence,
  title={{The influence of winds, currents and towing forces on the drift of icebergs}},
  author={Smith, Stuart D and Banke, Erik G},
  journal={Cold Regions Science and Technology},
  volume={6},
  number={3},
  pages={241--255},
  year={1983},
  publisher={Elsevier}
}

@article{landl2003energy,
  title={{The energy balance of calved ice in Lake J{\"o}kulsarl{\'o}n, Iceland}},
  author={Landl, Barbara and Bj{\"o}rnsson, Helgi and Kuhn, Michael},
  journal={Arctic, Antarctic, and Alpine Research},
  volume={35},
  number={4},
  pages={475--481},
  year={2003},
  publisher={INSTAAR}
}

@article {DIXONEOS,
author = {Dixon, Timothy H. and Voytenko, Denis and Lembke, Chad and de la Peña, Santiago and Howat, Ian and Gourmelen, Noel and Werner, Charles and Oddsson, Björn},
title = {Emerging technology monitors ice-sea interface at outlet glaciers},
journal = {Eos, Transactions American Geophysical Union},
volume = {93},
number = {48},
issn = {2324-9250},
url = {http://dx.doi.org/10.1029/2012EO480001},
doi = {10.1029/2012EO480001},
pages = {497--498},
keywords = {marine-terminating glaciers, radar, ocean profiler, Breiðamerkurjökull glacier, Iceland},
year = {2012},
}

@article{motyka2003submarine,
  title={{Submarine melting at the terminus of a temperate tidewater glacier, LeConte Glacier, Alaska, USA}},
  author={Motyka, Roman J and Hunter, Lewis and Echelmeyer, Keith A and Connor, Cathy},
  journal={Annals of Glaciology},
  volume={36},
  number={1},
  pages={57--65},
  year={2003},
  publisher={International Glaciological Society}
}  

@article{gumerov2007fast,
  title={{Fast radial basis function interpolation via preconditioned Krylov iteration}},
  author={Gumerov, Nail A and Duraiswami, Ramani},
  journal={SIAM Journal on Scientific Computing},
  volume={29},
  number={5},
  pages={1876--1899},
  year={2007},
  publisher={SIAM}
}

@article{carr1997surface,
  title={{Surface interpolation with radial basis functions for medical imaging}},
  author={Carr, Jonathan C and Fright, W and Beatson, Richard K},
  journal={Medical Imaging, IEEE Transactions on},
  volume={16},
  number={1},
  pages={96--107},
  year={1997},
  publisher={IEEE}
}

@inproceedings{carr2001reconstruction,
  title={{Reconstruction and representation of 3D objects with radial basis functions}},
  author={Carr, Jonathan C and Beatson, Richard K and Cherrie, Jon B and Mitchell, Tim J and Fright, W Richard and McCallum, Bruce C and Evans, Tim R},
  booktitle={{Proceedings of the 28th annual conference on Computer graphics and interactive techniques}},
  pages={67--76},
  year={2001},
  organization={ACM}
}

@inproceedings{langebrake2002design,
  title={{Design and initial results of a bottom stationing ocean profiler}},
  author={Langebrake, Lawrence C and Lembke, Chad E and Weisberg, Robert H and Byrne, Robert H and Russell, D Randy and Tilbury, Graham and Carr, Raymond},
  booktitle={{OCEANS'02 MTS/IEEE}},
  volume={1},
  pages={98--103},
  year={2002},
  organization={IEEE}
}

@inproceedings{werner2008real,
  title={{A real-aperture radar for ground-based differential interferometry}},
  author={Werner, Charles and Strozzi, Tazio and Wiesmann, Andreas and Wegmuller, U},
  booktitle={{Geoscience and Remote Sensing Symposium, 2008. IGARSS 2008. IEEE International}},
  volume={3},
  pages={III--210},
  year={2008},
  organization={IEEE}
}

@article{bjornsson2008icelandic,
  title={{Icelandic glaciers}},
  author={Bj{\"o}rnsson, Helgi and P{\'a}lsson, Finnur},
  journal={J{\"o}kull},
  volume={58},
  pages={365--386},
  year={2008}
}
@article{bjornsson1996scales,
  title={{Scales and rates of glacial sediment removal: a 20 km long and 300 m deep trench created beneath Brei{\dh}amerkurj{\"o}kull during the Little Ice Age}},
  author={Bj{\"o}rnsson, Helgi},
  journal={Annals of Glaciology},
  volume={22},
  pages={141--146},
  year={1996}
}

@article{bjornsson2001jokulsarlon,
  title={{J{\"o}kuls{\'a}rl{\'o}n at Brei{\dh}amerkursandur, Vatnaj{\"o}kull, Iceland: 20th century changes and future outlook}},
  author={Bj{\"o}rnsson, Helgi and P{\'a}lsson, Finnur and Gu{\dh}mundsson, Sverrir},
  journal={J{\"o}kull},
  volume={50},
  pages={1--18},
  year={2001}
}

@article{westerweel1993digital,
  title={{Digital particle image velocimetry: theory and application}},
  author={Westerweel, Jerry},
  year={1993},
  publisher={Delft University Press}
}

@article{adamczyk19882,
  title={{2-Dimensional particle tracking velocimetry (PTV): technique and image processing algorithms}},
  author={Adamczyk, AA and Rimai, L},
  journal={Experiments in fluids},
  volume={6},
  number={6},
  pages={373--380},
  year={1988},
  publisher={Springer}
}

@article{adrian2005twenty,
  title={{Twenty years of particle image velocimetry}},
  author={Adrian, Ronald J},
  journal={Experiments in fluids},
  volume={39},
  number={2},
  pages={159--169},
  year={2005},
  publisher={Springer}
}

@article{oliphant2007python,
  title={{Python for scientific computing}},
  author={Oliphant, Travis E},
  journal={Computing in Science \& Engineering},
  volume={9},
  number={3},
  pages={10--20},
  year={2007},
  publisher={AIP Publishing}
}
@article{hunter2007matplotlib,
  title={{Matplotlib: A 2D graphics environment}},
  author={Hunter, John D},
  journal={Computing in Science \& Engineering},
  volume={9},
  number={3},
  pages={0090--95},
  year={2007},
  publisher={IEEE Computer Society}
}

@article{rosenfeld1966sequential,
  title={{Sequential operations in digital picture processing}},
  author={Rosenfeld, Azriel and Pfaltz, John L},
  journal={Journal of the ACM (JACM)},
  volume={13},
  number={4},
  pages={471--494},
  year={1966},
  publisher={ACM}
}

@article{hardy1971multiquadric,
  title={{Multiquadric equations of topography and other irregular surfaces}},
  author={Hardy, Rolland L},
  journal={Journal of geophysical research},
  volume={76},
  number={8},
  pages={1905--1915},
  year={1971},
  publisher={Wiley Online Library}
}

@incollection{dracos1996particle,
  title={{Particle tracking velocimetry (PTV)}},
  author={Dracos, Th},
  booktitle={{Three-Dimensional Velocity and Vorticity Measuring and Image Analysis Techniques}},
  pages={155--160},
  year={1996},
  publisher={Springer}
}



@article{howat2008dynamic,
  title={{Dynamic controls on glacier basal motion inferred from surface ice motion}},
  author={Howat, Ian M and Tulaczyk, Slawek and Waddington, Edwin and Bj{\"o}rnsson, Helgi},
  journal={Journal of Geophysical Research: Earth Surface (2003--2012)},
  volume={113},
  number={F3},
  year={2008},
  publisher={Wiley Online Library}
}

@article{bradley2002flow,
  title={{Flow measurement in streams using video imagery}},
  author={Bradley, A Allen and Kruger, Anton and Meselhe, Ehab A and Muste, Marian VI},
  journal={Water Resources Research},
  volume={38},
  number={12},
  pages={51--1},
  year={2002},
  publisher={Wiley Online Library}
}


@article{fujita1998large,
  title={{Large-scale particle image velocimetry for flow analysis in hydraulic engineering applications}},
  author={Fujita, Ichiro and Muste, Marian and Kruger, Anton},
  journal={Journal of hydraulic Research},
  volume={36},
  number={3},
  pages={397--414},
  year={1998},
  publisher={Taylor \& Francis}
}


@techreport{ettema1997factors,
  title={{Factors influencing ice conveyance at river confluences}},
  author={Ettema, Robert and Muste, Marian and Kruger, Anton and Zufelt, Jon},
  year={1997},
  institution={DTIC Document}
}


@book{strang1997linear,
  title={{Linear algebra, geodesy, and GPS}},
  author={Strang, Gilbert and Borre, Kai},
  year={1997},
  publisher={Siam}
}

@book{numericalrecipes,
 author = {Press, William H. and Teukolsky, Saul A. and Vetterling, William T. and Flannery, Brian P.},
 title = {Numerical Recipes in C (2nd Ed.): The Art of Scientific Computing},
 year = {1992},
 isbn = {0-521-43108-5},
 publisher = {Cambridge University Press},
 address = {New York, NY, USA},
}
@techreport{orechovesky1996single,
  title={{Single Source Error Ellipse Combination.}},
  author={Orechovesky, Joseph R},
  year={1996},
  institution={DTIC Document}
}

@article{lay1993linear,
  title={{Linear algebra and its applications}},
  author={Lay, DC},
  journal={New York: Addison},
  year={1993}
}

@book{haug2012bayesian,
  title={{Bayesian Estimation and Tracking: A Practical Guide}},
  author={Haug, Anton J},
  year={2012},
  publisher={John Wiley \& Sons}
}

@article{creutin2003river,
  title={{River gauging using PIV techniques: a proof of concept experiment on the Iowa River}},
  author={Creutin, JD and Muste, M and Bradley, AA and Kim, SC and Kruger, A},
  journal={Journal of Hydrology},
  volume={277},
  number={3},
  pages={182--194},
  year={2003},
  publisher={Elsevier}
}

@article{brandon2013hydrographic,
  title={{Hydrographic measurements in J{\"o}kuls{\'a}rl{\'o}n lagoon, Iceland}},
  author={Brandon, Mark and Hodgkins, Richard and Bj{\"o}rnsson, Helgi and {\'O}laffson, J{\'o}n},
  year={2013}
}

@article{voytenko2014,
  title={{Multi-year observations of Brei{\dh}amerkurjökull, a marine-terminating glacier in southeastern Iceland, using Terrestrial Radar Interferometry}},
  author={Voytenko, Denis and Dixon, Timothy H and Howat, Ian M and Gourmelen, Noel and Lembke, Chad and Werner, Charles L and de la Peña, Santiago and Oddsson, Björn},
  journal={Journal of Glaciology},
  volume={61},
  number={225},
  pages={42-54},
  year={2015},
  publisher={International Glaciological Society}
}

@book{buhmann2003radial,
  title={{Radial basis functions: theory and implementations}},
  author={Buhmann, Martin Dietrich},
  volume={5},
  year={2003},
  publisher={Cambridge university press Cambridge}
}

@article{sutherland2014quantifying,
  title={{Quantifying flow regimes in a Greenland glacial fjord using iceberg drifters}},
  author={Sutherland, David A and Roth, George E and Hamilton, Gordon S and Mernild, Sebastian H and Stearns, Leigh A and Straneo, Fiammetta},
  journal={Geophysical Research Letters},
  year={2014},
  publisher={Wiley Online Library}
}

@article{holland2008acceleration,
  title={{Acceleration of Jakobshavn Isbrae triggered by warm subsurface ocean waters}},
  author={Holland, David M and Thomas, Robert H and De Young, Brad and Ribergaard, Mads H and Lyberth, Bjarne},
  journal={Nature Geoscience},
  volume={1},
  number={10},
  pages={659--664},
  year={2008},
  publisher={Nature Publishing Group}
}

@article{straneo2010rapid,
  title={{Rapid circulation of warm subtropical waters in a major glacial fjord in East Greenland}},
  author={Straneo, Fiammetta and Hamilton, Gordon S and Sutherland, David A and Stearns, Leigh A and Davidson, Fraser and Hammill, Mike O and Stenson, Garry B and Rosing-Asvid, Aqqalu},
  journal={Nature Geoscience},
  volume={3},
  number={3},
  pages={182--186},
  year={2010},
  publisher={Nature Publishing Group}
}