@article{aster2011validation,
  title={{ASTER Global Digital Elevation Model Version 2-Summary of Validation Results}},
  author={Tachikawa, Tetsushi and Kaku, Manabu and Iwasaki, Akira and Gesch, Dean and Oimoen, Michael and Zhang, Zheng and Danielson, Jeffrey and Krieger, Tabatha and Curtis, Bill and Haase, Jeff and others},
  journal={ASTER GDEM Validation Team (http://www. jspacesystems. or. jp/ersdac/GDEM/ver2Validation/Summary\_GDEM2\_v alidation\_report\_final. pdf)},
  year={2011}
}

@book{bindschadler1983finite,
  title={{Finite-difference model predictions of the drastic retreat of Columbia Glacier, Alaska}},
  author={Bindschadler, Robert A and Rasmussen, Lowell A},
  year={1983},
  publisher={US Government Printing Office}
}

@article{bjornsson1996scales,
  title={{Scales and rates of glacial sediment removal: a 20 km long and 300 m deep trench created beneath Brei{\dh}amerkurj{\"o}kull during the Little Ice Age}},
  author={Bj{\"o}rnsson, Helgi},
  journal={Annals of Glaciology},
  volume={22},
  pages={141--146},
  year={1996}
}

@article{bjornsson2001jokulsarlon,
  title={{J{\"o}kuls{\'a}rl{\'o}n at Brei{\dh}amerkursandur, Vatnaj{\"o}kull, Iceland: 20th century changes and future outlook}},
  author={Bj{\"o}rnsson, Helgi and P{\'a}lsson, Finnur and Gu{\dh}mundsson, Sverrir},
  journal={J{\"o}kull},
  volume={50},
  pages={1--18},
  year={2001}
}


@article{bookstein1989principal,
  title={{Principal warps: Thin-plate splines and the decomposition of deformations}},
  author={Bookstein, Fred L.},
  journal={Pattern Analysis and Machine Intelligence, IEEE Transactions on},
  volume={11},
  number={6},
  pages={567--585},
  year={1989},
  publisher={IEEE}
}

@book{buhmann2003radial,
  title={{Radial basis functions: theory and implementations}},
  author={Buhmann, Martin Dietrich},
  volume={12},
  year={2003},
  publisher={Cambridge university press}
}

@article{cherrie2002fast,
  title={{Fast Evaluation of Radial Basis Functions: Methods for Generalized Multiquadrics in $\backslash$RR\^{}$\backslash$protectn}},
  author={Cherrie, Jon Barry and Beatson, Richard Keith and Newsam, Garry Neil},
  journal={Siam Journal on Scientific Computing},
  volume={23},
  number={5},
  pages={1549--1571},
  year={2002},
  publisher={SIAM}
}

@article{coates1985space,
  title={{Space-age geodesy: The NASA crustal dynamics project}},
  author={Coates, Robert J and Frey, Herbert and Mead, Gilbert D and Bosworth, John M},
  journal={Geoscience and Remote Sensing, IEEE Transactions on},
  number={4},
  pages={360--368},
  year={1985},
  publisher={IEEE}
}

@article{dixon1991introduction,
  title={{An introduction to the Global Positioning System and some geological applications}},
  author={Dixon, TH},
  journal={Reviews of Geophysics},
  volume={29},
  number={2},
  pages={249--276},
  year={1991}
}

@article{etzelmuller1993mass,
  title={{Mass balance and changes of surface slope, crevasse and flow pattern of Erikbreen, northern Spitsbergen: an application of a geographical information system (GIS)}},
  author={Etzelmuller, Bernd and Vatne, Geir and Degard, Rune S and Sollid, Johan Ludvig},
  journal={Polar research},
  volume={12},
  number={2},
  pages={131--146},
  year={1993},
  publisher={Wiley Online Library}
}

@article{hardy1971multiquadric,
  title={{Multiquadric equations of topography and other irregular surfaces}},
  author={Hardy, Rolland L},
  journal={Journal of geophysical research},
  volume={76},
  number={8},
  pages={1905--1915},
  year={1971},
  publisher={American Geophysical Union}
}
@article{hardy1990theory,
  title={{Theory and applications of the multiquadric-biharmonic method 20 years of discovery 1968--1988}},
  author={Hardy, Rolland L},
  journal={Computers \& Mathematics with Applications},
  volume={19},
  number={8},
  pages={163--208},
  year={1990},
  publisher={Pergamon}
}

@article{holland2008acceleration,
  title={{Acceleration of Jakobshavn Isbrae triggered by warm subsurface ocean waters}},
  author={Holland, David M and Thomas, Robert H and De Young, Brad and Ribergaard, Mads H and Lyberth, Bjarne},
  journal={Nature Geoscience},
  volume={1},
  number={10},
  pages={659--664},
  year={2008},
  publisher={Nature Publishing Group}
}

@article{howat2008dynamic,
  title={{Dynamic controls on glacier basal motion inferred from surface ice motion}},
  author={Howat, Ian M and Tulaczyk, Slawek and Waddington, Edwin and Bj{\"o}rnsson, Helgi},
  journal={Journal of Geophysical Research: Earth Surface (2003--2012)},
  volume={113},
  number={F3},
  year={2008},
  publisher={Wiley Online Library}
}

@article{joughin2012ice,
  title={{Ice-sheet response to oceanic forcing}},
  author={Joughin, Ian and Alley, Richard B and Holland, David M},
  journal={science},
  volume={338},
  number={6111},
  pages={1172--1176},
  year={2012},
  publisher={American Association for the Advancement of Science}
}

@article{jiang2010accelerating,
  title={{Accelerating uplift in the North Atlantic region as an indicator of ice loss}},
  author={Jiang, Yan and Dixon, Timothy H and Wdowinski, Shimon},
  journal={Nature Geoscience},
  volume={3},
  number={6},
  pages={404--407},
  year={2010},
  publisher={Nature Publishing Group}
}

@inproceedings{langebrake2002design,
  title={{Design and initial results of a bottom stationing ocean profiler}},
  author={Langebrake, Lawrence C and Lembke, Chad E and Weisberg, Robert H and Byrne, Robert H and Russell, D Randy and Tilbury, Graham and Carr, Raymond},
  booktitle={{OCEANS'02 MTS/IEEE}},
  volume={1},
  pages={98--103},
  year={2002},
  organization={IEEE}
}

@article{payne2004recent,
  title={{Recent dramatic thinning of largest West Antarctic ice stream triggered by oceans}},
  author={Payne, Antony J and Vieli, Andreas and Shepherd, Andrew P and Wingham, Duncan J and Rignot, Eric},
  journal={Geophysical Research Letters},
  volume={31},
  number={23},
  year={2004},
  publisher={Wiley Online Library}
}

@book{rasmussen1982continuity,
  title={{Continuity equation model of the predicted drastic retreat of Columbia Glacier, Alaska}},
  author={Rasmussen, Lowell A and Meier, Mark F},
  year={1982},
  publisher={US Government Printing Office}
}

@article{shepherd2004warm,
  title={{Warm ocean is eroding West Antarctic ice sheet}},
  author={Shepherd, Andrew and Wingham, Duncan and Rignot, Eric},
  journal={Geophysical Research Letters},
  volume={31},
  number={23},
  year={2004},
  publisher={Wiley Online Library}
}

@book{sikonia1979columbia,
  title={{Columbia Glacier, Alaska: Recent ice loss and its relationship to seasonal terminal embayments, thinning, and glacier flow}},
  author={Sikonia, William G and Post, Austin},
  year={1979},
  publisher={US Geological Survey}
}

@article{straneo2010rapid,
  title={{Rapid circulation of warm subtropical waters in a major glacial fjord in East Greenland}},
  author={Straneo, Fiammetta and Hamilton, Gordon S and Sutherland, David A and Stearns, Leigh A and Davidson, Fraser and Hammill, Mike O and Stenson, Garry B and Rosing-Asvid, Aqqalu},
  journal={Nature Geoscience},
  volume={3},
  number={3},
  pages={182--186},
  year={2010},
  publisher={Nature Publishing Group}
}


@article{straneo2012characteristics,
  title={{Characteristics of ocean waters reaching Greenland's glaciers}},
  author={Straneo, Fiammetta and Sutherland, David A and Holland, David and Gladish, Carl and Hamilton, Gordon S and Johnson, Helen L and Rignot, Eric and Xu, Yun and Koppes, Michele},
  journal={Annals of Glaciology},
  volume={53},
  number={60},
  pages={202},
  year={2012}
}

@article{strozzi2012topography,
  title={{Topography Mapping With a Portable Real-Aperture Radar Interferometer}},
  author={Strozzi, Tazio and Werner, Charles and Wiesmann, Andreas and Wegmuller, Urs},
  journal={Geoscience and Remote Sensing Letters, IEEE},
  volume={9},
  number={2},
  pages={277--281},
  year={2012},
  publisher={IEEE}
}

@inproceedings{werner2008real,
  title={{A real-aperture radar for ground-based differential interferometry}},
  author={Werner, Charles and Strozzi, Tazio and Wiesmann, Andreas and Wegmuller, U},
  booktitle={{Geoscience and Remote Sensing Symposium, 2008. IGARSS 2008. IEEE International}},
  volume={3},
  pages={III--210},
  year={2008},
  organization={IEEE}
}

@article{wouters2008grace,
  title={{GRACE observes small-scale mass loss in Greenland}},
  author={Wouters, B and Chambers, D and Schrama, EJO},
  journal={Geophysical Research Letters},
  volume={35},
  number={20},
  year={2008}
}

@article{yang2013annual,
  title={{Annual variation of coastal uplift in Greenland as an indicator of variable and accelerating ice mass loss}},
  author={Yang, Qian and Wdowinski, Shimon and Dixon, Timothy H},
  journal={Geochemistry, Geophysics, Geosystems},
  year={2013},
  publisher={Wiley Online Library}
}  
  
@article{motyka2003submarine,
  title={{Submarine melting at the terminus of a temperate tidewater glacier, LeConte Glacier, Alaska, USA}},
  author={Motyka, Roman J and Hunter, Lewis and Echelmeyer, Keith A and Connor, Cathy},
  journal={Annals of Glaciology},
  volume={36},
  number={1},
  pages={57--65},
  year={2003},
  publisher={International Glaciological Society}
}  

@Manual{GDAL ,
title = {GDAL - Geospatial Data Abstraction Library, Version 1.7.3},
author = {{GDAL Development Team}},
organization = {Open Source Geospatial Foundation},
year = {2013},
url = { http://www.gdal.org}, 
}

@article{goldstein1998radar,
  title={{Radar interferogram filtering for geophysical applications}},
  author={Goldstein, Richard M and Werner, Charles L},
  journal={Geophysical Research Letters},
  volume={25},
  number={21},
  pages={4035--4038},
  year={1998},
  publisher={American Geophysical Union}
}

@article{raup2007glims,
  title={{The GLIMS geospatial glacier database: A new tool for studying glacier change}},
  author={Raup, Bruce and Racoviteanu, Adina and Khalsa, Siri Jodha Singh and Helm, Christopher and Armstrong, Richard and Arnaud, Yves},
  journal={Global and Planetary Change},
  volume={56},
  number={1},
  pages={101--110},
  year={2007},
  publisher={Elsevier}
}

@article{sigurdhsson2005glims,
  title={{GLIMS Glacier Database Analysis, \_ID 57832. Boulder, CO: National Snow and Ice Data Center/World Data Center for Glaciology}},
  author={Sigur{\dh}sson, O},
  journal={Digital Media},
  year={2005}
}

@article {DIXONEOS,
author = {Dixon, Timothy H. and Voytenko, Denis and Lembke, Chad and de la Peña, Santiago and Howat, Ian and Gourmelen, Noel and Werner, Charles and Oddsson, Björn},
title = {Emerging technology monitors ice-sea interface at outlet glaciers},
journal = {Eos, Transactions American Geophysical Union},
volume = {93},
number = {48},
issn = {2324-9250},
url = {http://dx.doi.org/10.1029/2012EO480001},
doi = {10.1029/2012EO480001},
pages = {497--498},
keywords = {marine-terminating glaciers, radar, ocean profiler, Breiðamerkurjökull glacier, Iceland},
year = {2012},
}

@article{arendt2002rapid,
  title={{Rapid wastage of Alaska glaciers and their contribution to rising sea level}},
  author={Arendt, Anthony A and Echelmeyer, Keith A and Harrison, William D and Lingle, Craig S and Valentine, Virginia B},
  journal={Science},
  volume={297},
  number={5580},
  pages={382--386},
  year={2002},
  publisher={American Association for the Advancement of Science}
}

@article{marshall2005simulation,
  title={{Simulation of Vatnaj{\"o}kull ice cap dynamics}},
  author={Marshall, SJ and Bj{\"o}rnsson, H and Flowers, GE and Clarke, GKC},
  journal={Journal of Geophysical Research: Earth Surface (2003--2012)},
  volume={110},
  number={F3},
  year={2005}
}

@article {GRLSIGMUNDSSON,
author = {Sigmundsson, Freysteinn and Einarsson, Páll},
title = {Glacio-isostatic crustal movements caused by historical volume change of the Vatnajökull Ice Cap, Iceland},
journal = {Geophysical Research Letters},
volume = {19},
number = {21},
issn = {1944-8007},
url = {http://dx.doi.org/10.1029/92GL02209},
doi = {10.1029/92GL02209},
pages = {2123--2126},
year = {1992},
}

@article{fofonoff1983algorithms,
  title={{Algorithms for computation of fundamental properties of seawater}},
  author={Fofonoff, Nick P and Millard, Robert C},
  year={1983},
  publisher={UNESCO}
}

@article{winberry2009basal,
  title={{Basal mechanics of ice streams: Insights from the stick-slip motion of Whillans Ice Stream, West Antarctica}},
  author={Winberry, J Paul and Anandakrishnan, Sridhar and Alley, Richard B and Bindschadler, Robert A and King, Matt A},
  journal={Journal of Geophysical Research: Earth Surface (2003--2012)},
  volume={114},
  number={F1},
  year={2009},
  publisher={Wiley Online Library}
}

@article{covello2010cosmo,
  title={{COSMO-SkyMed an existing opportunity for observing the Earth}},
  author={Covello, F and Battazza, F and Coletta, A and Lopinto, E and Fiorentino, C and Pietranera, L and Valentini, G and Zoffoli, S},
  journal={Journal of Geodynamics},
  volume={49},
  number={3},
  pages={171--180},
  year={2010},
  publisher={Elsevier}
}

@article{werninghaus2010terrasar,
  title={{The TerraSAR-X mission and system design}},
  author={Werninghaus, Rolf and Buckreuss, Stefan},
  journal={Geoscience and Remote Sensing, IEEE Transactions on},
  volume={48},
  number={2},
  pages={606--614},
  year={2010},
  publisher={IEEE}
}

@article{bjornsson2008icelandic,
  title={{Icelandic glaciers}},
  author={Bj{\"o}rnsson, Helgi and P{\'a}lsson, Finnur},
  journal={J{\"o}kull},
  volume={58},
  pages={365--386},
  year={2008}
}

@article {zhaovatna,
author = {Wenliang, Zhao and Falk, Amelung and Timothy, Dixon and Shimon, Wdowinski and Rocco, Malservisi},
title = {A method for estimating ice mass loss from relative InSAR observations: Application to the Vatnajökull ice cap, Iceland},
journal = {Geochemistry, Geophysics, Geosystems},
issn = {1525-2027},
url = {http://dx.doi.org/10.1002/2013GC004936},
doi = {10.1002/2013GC004936},
pages = {n/a--n/a},
year = {2013},
}

@article{Rignot19072013,
author = {Rignot, E. and Jacobs, S. and Mouginot, J. and Scheuchl, B.}, 
title = {Ice-Shelf Melting Around Antarctica},
volume = {341}, 
number = {6143}, 
pages = {266-270}, 
year = {2013}, 
doi = {10.1126/science.1235798}, 
abstract ={We compare the volume flux divergence of Antarctic ice shelves in 2007 and 2008 with 1979 to 2010 surface accumulation and 2003 to 2008 thinning to determine their rates of melting and mass balance. Basal melt of 1325 ± 235 gigatons per year (Gt/year) exceeds a calving flux of 1089 ± 139 Gt/year, making ice-shelf melting the largest ablation process in Antarctica. The giant cold-cavity Ross, Filchner, and Ronne ice shelves covering two-thirds of the total ice-shelf area account for only 15% of net melting. Half of the meltwater comes from 10 small, warm-cavity Southeast Pacific ice shelves occupying 8% of the area. A similar high melt/area ratio is found for six East Antarctic ice shelves, implying undocumented strong ocean thermal forcing on their deep grounding lines.}, 
URL = {http://www.sciencemag.org/content/341/6143/266.abstract}, 
eprint = {http://www.sciencemag.org/content/341/6143/266.full.pdf}, 
journal = {Science} 
}

@article {motyka2013,
author = {Motyka, Roman J and Dryer, William P and Amundson, Jason and Truffer, Martin and Fahnestock, Mark},
title = {Rapid submarine melting driven by subglacial discharge, LeConte Glacier, Alaska},
journal = {Geophysical Research Letters},
volume = {40},
number = {19},
issn = {1944-8007},
url = {http://dx.doi.org/10.1002/grl.51011},
doi = {10.1002/grl.51011},
pages = {5153--5158},
keywords = {tidewater glaciers, submarine melting, frontal ablation},
year = {2013},
}

@article{shepherd2012reconciled,
  title={{A reconciled estimate of ice-sheet mass balance}},
  author={Shepherd, Andrew and Ivins, Erik R and Geruo, A and Barletta, Valentina R and Bentley, Mike J and Bettadpur, Srinivas and Briggs, Kate H and Bromwich, David H and Forsberg, Ren{\'e} and Galin, Natalia and others},
  journal={Science},
  volume={338},
  number={6111},
  pages={1183--1189},
  year={2012},
  publisher={American Association for the Advancement of Science}
}

@article{rignot2011acceleration,
  title={{Acceleration of the contribution of the Greenland and Antarctic ice sheets to sea level rise}},
  author={Rignot, E and Velicogna, I and Van den Broeke, MR and Monaghan, A and Lenaerts, JTM},
  journal={Geophysical Research Letters},
  volume={38},
  number={5},
  year={2011}
}

@article{mao1999noise,
  title={{Noise in GPS coordinate time series}},
  author={Mao, Ailin and Harrison, Christopher GA and Dixon, Timothy H},
  journal={Journal of Geophysical Research: Solid Earth (1978--2012)},
  volume={104},
  number={B2},
  pages={2797--2816},
  year={1999},
  publisher={Wiley Online Library}
}

@article{costantini1998novel,
  title={{A novel phase unwrapping method based on network programming}},
  author={Costantini, Mario},
  journal={Geoscience and Remote Sensing, IEEE Transactions on},
  volume={36},
  number={3},
  pages={813--821},
  year={1998},
  publisher={IEEE}
}

@ARTICLE{kwokandfahnestock, 
author={Kwok, R. and Fahnestock, M.A.}, 
journal={Geoscience and Remote Sensing, IEEE Transactions on}, 
title={{Ice sheet motion and topography from radar interferometry}}, 
year={1996}, 
month={Jan}, 
volume={34}, 
number={1}, 
pages={189-200}, 
keywords={glaciology;hydrological techniques;radar applications;radar imaging;remote sensing by radar;spaceborne radar;synthetic aperture radar;Greenland;SAR method;flow;geophysical measurement technique;glaciology;hydrology;ice sheet motion;motion;polar ice sheet;radar interferometry;radar remote sensing;repeat pass ERS-1 interferogram;surface displacement field;topography;velocity field;Data mining;Ice surface;Laboratories;Propulsion;Radar interferometry;Satellites;Space technology;Streaming media;Surface topography;Synthetic aperture radar}, 
doi={10.1109/36.481903}, 
ISSN={0196-2892},
}

@article{wangensteen2005mapping,
  title={{Mapping glacier velocities on Svalbard using ERS tandem DInSAR data}},
  author={Wangensteen, Bj{\o}rn and Weydahl, Dan Johan and Hagen, Jon Ove},
  journal={Norsk Geografisk Tidsskrift},
  volume={59},
  number={4},
  pages={276--285},
  year={2005},
  publisher={Taylor \& Francis}
}

@inproceedings{cumming1999measuring,
  title={{Measuring the 3-D flow of the Lowell Glacier with InSAR}},
  author={Cumming, Ian and Zhang, Joe},
  booktitle={{Proceedings of ESA Fringe'99 Meeting, November 10-12, Liege, Belgium}},
  year={1999}
}

@article{jenkins1999impact,
  title={{The impact of melting ice on ocean waters}},
  author={Jenkins, Adrian},
  journal={Journal of physical oceanography},
  volume={29},
  number={9},
  pages={2370--2381},
  year={1999}
}

@article{straneo2011impact,
  title={{Impact of fjord dynamics and glacial runoff on the circulation near Helheim Glacier}},
  author={Straneo, Fiammetta and Curry, Ruth G and Sutherland, David A and Hamilton, Gordon S and Cenedese, Claudia and V{\aa}ge, Kjetil and Stearns, Leigh A},
  journal={Nature Geoscience},
  volume={4},
  number={5},
  pages={322--327},
  year={2011},
  publisher={Nature Publishing Group}
}

@article{rignot2010rapid,
  title={{Rapid submarine melting of the calving faces of West Greenland glaciers}},
  author={Rignot, Eric and Koppes, Michele and Velicogna, Isabella},
  journal={Nature Geoscience},
  volume={3},
  number={3},
  pages={187--191},
  year={2010},
  publisher={Nature Publishing Group}
}

@article{mortensen2011heat,
  title={{Heat sources for glacial melt in a sub-Arctic fjord (Godth{\aa}bsfjord) in contact with the Greenland Ice Sheet}},
  author={Mortensen, J and Lennert, K and Bendtsen, J and Rysgaard, S},
  journal={Journal of Geophysical Research: Oceans (1978--2012)},
  volume={116},
  number={C1},
  year={2011}
}

@article{park2013sustained,
  title={{Sustained retreat of the Pine Island Glacier}},
  author={Park, JW and Gourmelen, N and Shepherd, A and Kim, SW and Vaughan, DG and Wingham, DJ},
  journal={Geophysical Research Letters},
  volume={40},
  number={10},
  pages={2137--2142},
  year={2013},
  publisher={Wiley Online Library}
}

@article{strozzi2002glacier,
  title={{Glacier motion estimation using SAR offset-tracking procedures}},
  author={Strozzi, Tazio and Luckman, Adrian and Murray, Tavi and Wegmuller, U and Werner, Charles L},
  journal={Geoscience and Remote Sensing, IEEE Transactions on},
  volume={40},
  number={11},
  pages={2384--2391},
  year={2002},
  publisher={IEEE}
}

@article{motyka2011submarine,
  title={{Submarine melting of the 1985 Jakobshavn Isbr{\ae} floating tongue and the triggering of the current retreat}},
  author={Motyka, Roman J and Truffer, Martin and Fahnestock, Mark and Mortensen, John and Rysgaard, S{\o}ren and Howat, Ian},
  journal={Journal of Geophysical Research: Earth Surface (2003--2012)},
  volume={116},
  number={F1},
  year={2011}
}

@article{landl2003energy,
  title={{The energy balance of calved ice in Lake J{\"o}kulsarl{\'o}n, Iceland}},
  author={Landl, Barbara and Bj{\"o}rnsson, Helgi and Kuhn, Michael},
  journal={Arctic, Antarctic, and Alpine Research},
  volume={35},
  number={4},
  pages={475--481},
  year={2003},
  publisher={INSTAAR}
}

@article{brandon2013hydrographic,
  title={{Hydrographic measurements in J{\"o}kuls{\'a}rl{\'o}n lagoon, Iceland}},
  author={Brandon, Mark and Hodgkins, Richard and Bj{\"o}rnsson, Helgi and {\'O}laffson, J{\'o}n},
  year={2013}
}

@article{riesen2011short,
  title={{Short-term surface ice motion variations measured with a ground-based portable real aperture radar interferometer}},
  author={Riesen, Patrick and Strozzi, Tazio and Bauder, Andreas and Wiesmann, Andreas and Funk, Martin},
  journal={Journal of Glaciology},
  volume={57},
  number={201},
  pages={53--60},
  year={2011},
  publisher={International Glaciological Society}
}

@article{lowry2013high,
  title={{High resolution displacement monitoring of a slow velocity landslide using ground based radar interferometry}},
  author={Lowry, B and Gomez, F and Zhou, W and Mooney, MA and Held, B and Grasmick, J},
  journal={Engineering Geology},
  volume={166},
  pages={160--169},
  year={2013},
  publisher={Elsevier}
}


@article{gade1979,
  title={{Melting of ice in sea water: A primitive model with application to the Antarctic ice shelf and icebergs}},
  author={Gade, Herman G},
  journal={Journal of Physical Oceanography},
  volume={9},
  number={1},
  pages={189--198},
  year={1979}
}

@article{mortensen2013,
  title={{On the seasonal freshwater stratification in the proximity of fast-flowing tidewater outlet glaciers in a sub-Arctic sill fjord}},
  author={Mortensen, J and Bendtsen, J and Motyka, RJ and Lennert, K and Truffer, M and Fahnestock, M and Rysgaard, S{\o}ren},
  journal={Journal of Geophysical Research: Oceans},
  volume={118},
  number={3},
  pages={1382--1395},
  year={2013},
  publisher={Wiley Online Library}
}

@inproceedings{nagler2012retrieval,
  title={{Retrieval of 3D-glacier movement by high resolution X-band SAR data}},
  author={Nagler, Thomas and Rott, Helmut and Hetzenecker, Markus and Scharrer, Kilian and Magnusson, Eyjolfur and Floricioiu, Dana and Notarnicola, Claudia},
  booktitle={{Geoscience and Remote Sensing Symposium (IGARSS), 2012 IEEE International}},
  pages={3233--3236},
  year={2012},
  organization={IEEE}
}

@inproceedings{voytenko2012monitoring,
  title={{Monitoring a glacier in southeastern Iceland with the portable Terrestrial Radar Interferometer}},
  author={Voytenko, Denis and Dixon, Timothy H and Werner, Charles and Gourmelen, Noel and Howat, Ian M and Tinder, Phaedra C and Hooper, Andrew},
  booktitle={{Geoscience and Remote Sensing Symposium (IGARSS), 2012 IEEE International}},
  pages={3230--3232},
  year={2012},
  organization={IEEE}
}

@article{paul2013glaciers,
  title={{The glaciers climate change initiative: Methods for creating glacier area, elevation change and velocity products}},
  author={Paul, Frank and Bolch, Tobias and K{\"a}{\"a}b, Andreas and Nagler, Thomas and Nuth, Christopher and Scharrer, Killian and Shepherd, Andrew and Strozzi, Tazio and Ticconi, Francesca and Bhambri, Rakesh and others},
  journal={Remote Sensing of Environment},
  year={2013},
  publisher={Elsevier}
}
@book{ipcc,
  title={{The physical science basis: Contribution of Working Group I to the fourth assessment report of the Intergovernmental Panel on Climate Change}},
  author={Solomon, Susan},
  year={2007},
  publisher={Cambridge University Press}
}

@article {hulbe,
author = {Hulbe, Christina L. and MacAyeal, Douglas R. and Denton, George H. and Kleman, Johan and Lowell, Thomas V.},
title = {{Catastrophic ice shelf breakup as the source of Heinrich event icebergs}},
journal = {Paleoceanography},
volume = {19},
number = {1},
issn = {1944-9186},
url = {http://dx.doi.org/10.1029/2003PA000890},
doi = {10.1029/2003PA000890},
keywords = {Heinrich events, ice shelf disintegration},
year = {2004},
}


@article{jacka1991antarctic,
  title={{An Antarctic field study of the rheology and movement of a sea-ice floe aggregate}},
  author={Jacka, TH and Thwaites, R and Wilson, JC},
  journal={Annals of Glaciology},
  volume={15},
  pages={261--264},
  year={1991}
}


