@article{berardino2002new,
	title={A new algorithm for surface deformation monitoring based on small baseline differential SAR interferograms},
	author={Berardino, Paolo and Fornaro, Gianfranco and Lanari, Riccardo and Sansosti, Eugenio},
	journal={Geoscience and Remote Sensing, IEEE Transactions on},
	volume={40},
	number={11},
	pages={2375--2383},
	year={2002},
	publisher={IEEE}
}
@article{bevis2005seasonal,
	title={Seasonal fluctuations in the mass of the Amazon River system and Earth's elastic response},
	author={Bevis, Michael and Alsdorf, Douglas and Kendrick, Eric and Fortes, Luiz Paulo and Forsberg, Bruce and Smalley, Robert and Becker, Janet},
	journal={Geophysical research letters},
	volume={32},
	number={16},
	year={2005},
	publisher={Wiley Online Library}
}
@article{brummett1976reservoir,
	title={Reservoir description by simulation at SACROC-a case history},
	author={Brummett Jr, WM and Emanuel, AS and Ronquille, JD and others},
	journal={Journal of Petroleum Technology},
	volume={28},
	number={10},
	pages={1--241},
	year={1976},
	publisher={Society of Petroleum Engineers}
}
@article{bryant2007geologic,
	title={Geologic CO2 storageâ€”can the oil and gas industry help save the planet?},
	author={Bryant, Steven and others},
	journal={Journal of Petroleum Technology},
	volume={59},
	number={09},
	pages={98--105},
	year={2007},
	publisher={Society of Petroleum Engineers}
}
@inproceedings{crameik1972carbon,
	title={Carbon Dioxide Injection Project Sacroc Unit, Scurry County, Texas},
	author={Crameik, TD and Plassey, JA and others},
	booktitle={Annual Meeting Papers, Division of Production},
	year={1972},
	organization={American Petroleum Institute}
}
@article{dicharry1973evaluation,
	title={Evaluation and design of a CO2 miscible flood project-SACROC unit, Kelly-Snyder field},
	author={Dicharry, Roy M and Perryman, TL and Ronquille, JD and others},
	journal={Journal of Petroleum Technology},
	volume={25},
	number={11},
	pages={1--309},
	year={1973},
	publisher={Society of Petroleum Engineers}
}
@article{galloway1983atlas,
	title={Atlas of major Texas oil reservoirs},
	author={Galloway, William E and Ewing, TE and Garrett, CM and Tyler, Noel and Bebout, DG},
	year={1983},
	publisher={Bureau of Economic Geology, Austin, TX}
}
@article{gan2013gas,
	title={Gas injection may have triggered earthquakes in the Cogdell oil field, Texas},
	author={Gan, Wei and Frohlich, Cliff},
	journal={Proceedings of the National Academy of Sciences},
	volume={110},
	number={47},
	pages={18786--18791},
	year={2013},
	publisher={National Acad Sciences}
}
@article{han2010evaluation,
	title={Evaluation of trapping mechanisms in geologic CO2 sequestration: Case study of SACROC northern platform, a 35-year CO2 injection site},
	author={Han, Weon Shik and McPherson, Brian J and Lichtner, Peter C and Wang, Fred P},
	journal={American Journal of Science},
	volume={310},
	number={4},
	pages={282--324},
	year={2010},
	publisher={American Journal of Science}
}
@article{karegar2015gps,
title={GPS-based monitoring of surface deformation associated with CO 2 injection at an enhanced oil recovery site},
author={Karegar, Makan A and Dixon, Timothy H and Malservisi, Rocco and Yang, Qian and Hossaini, Seyyed A and Hovorka, Susan D},
journal={International Journal of Greenhouse Gas Control},
volume={41},
pages={116--126},
year={2015},
publisher={Elsevier}
}
@article{lucia2004permeability,
	title={Permeability estimation using porosity logs and rock fabric stratigraphy: an example from the SACROC (Pennsylvanian) field, Scurry County, Texas},
	author={Lucia, F Jerry and Kerans, Charles},
	journal={PUBLICATIONS-WEST TEXAS GEOLOGICAL SOCIETY},
	volume={4},
	pages={271},
	year={2004},
	publisher={West Texas Geological Society; 1998}
}
@article{mathias2009approximate,
	title={Approximate solutions for pressure buildup during CO2 injection in brine aquifers},
	author={Mathias, Simon A and Hardisty, Paul E and Trudell, Mark R and Zimmerman, Robert W},
	journal={Transport in Porous Media},
	volume={79},
	number={2},
	pages={265--284},
	year={2009},
	publisher={Springer}
}
@article{mathias2009screening,
	title={Screening and selection of sites for CO 2 sequestration based on pressure buildup},
	author={Mathias, Simon A and Hardisty, Paul E and Trudell, Mark R and Zimmerman, Robert W},
	journal={International Journal of Greenhouse gas control},
	volume={3},
	number={5},
	pages={577--585},
	year={2009},
	publisher={Elsevier}
}
@article{mathieson2009satellite,
	title={Satellite imaging to monitor CO 2 movement at Krechba, Algeria},
	author={Mathieson, Allan and Wright, Iain and Roberts, David and Ringrose, Philip},
	journal={Energy Procedia},
	volume={1},
	number={1},
	pages={2201--2209},
	year={2009},
	publisher={Elsevier}
}
@article{metz2005carbon,
	title={Carbon dioxide capture and storage},
	author={Metz, Bert and Davidson, Ogunlade and de Coninck, Heleen and Loos, Manuela and Meyer, Leo and others},
	year={2005},
	publisher={Cambridge university press}
}
@article{morris2011study,
	title={A study of injection-induced mechanical deformation at the In Salah CO 2 storage project},
	author={Morris, Joseph P and Hao, Yue and Foxall, William and McNab, Walt},
	journal={International Journal of Greenhouse Gas Control},
	volume={5},
	number={2},
	pages={270--280},
	year={2011},
	publisher={Elsevier}
}
@article{orr1984use,
	title={Use of carbon dioxide in enhanced oil recovery},
	author={Orr, FM and Taber, JJ},
	journal={Science},
	volume={224},
	number={4649},
	pages={563--569},
	year={1984},
	publisher={American Association for the Advancement of Science}
}
@article{pepe2006extension,
	title={On the extension of the minimum cost flow algorithm for phase unwrapping of multitemporal differential SAR interferograms},
	author={Pepe, Antonio and Lanari, Riccardo},
	journal={Geoscience and Remote Sensing, IEEE Transactions on},
	volume={44},
	number={9},
	pages={2374--2383},
	year={2006},
	publisher={IEEE}
}
@article{raines2001review,
	title={A review of the Pennsylvanian SACROC Unit},
	author={Raines, M and Dobitz, J},
	journal={PUBLICATIONS-WEST TEXAS GEOLOGICAL SOCIETY},
	pages={67--74},
	year={2001},
	publisher={West Texas Geological Society; 1998}
}
@article{raines66,
	title={66. Kelly-Snyder (Cisco-Canyon) Fields/SACROC unit},
	author={Raines, M},
	journal={Oil and gas fields in west Texas},
	pages={69--78},
	year={2005}
}
@article{reid1991cogdell,
	title={The Cogdell field study, Kent and Scurry counties, Texas: A post-mortem},
	author={Reid, AM and Reid, SA Tomlinson},
	journal={Permian Basin Plays, Tomorrow's Technology Today: Midland, Texas, West Texas Geological Society, Publication},
	pages={91--89},
	year={1991}
}
@article{reuter2007evaluation,
	title={An evaluation of void-filling interpolation methods for SRTM data},
	author={Reuter, Hannes Isaak and Nelson, Andy and Jarvis, Andrew},
	journal={International Journal of Geographical Information Science},
	volume={21},
	number={9},
	pages={983--1008},
	year={2007},
	publisher={Taylor \& Francis}
}
@article{rinaldi2013modeling,
	title={Modeling of deep fracture zone opening and transient ground surface uplift at KB-502 CO 2 injection well, In Salah, Algeria},
	author={Rinaldi, Antonio P and Rutqvist, Jonny},
	journal={International Journal of Greenhouse Gas Control},
	volume={12},
	pages={155--167},
	year={2013},
	publisher={Elsevier}
}
@article{rohmer2012applicability,
	title={On the applicability of Persistent Scatterers Interferometry (PSI) analysis for long term CO 2 storage monitoring},
	author={Rohmer, Jeremy and Raucoules, Daniel},
	journal={Engineering Geology},
	volume={147},
	pages={137--148},
	year={2012},
	publisher={Elsevier}
}
@article{rutqvist2011status,
	title={Status of the TOUGH-FLAC simulator and recent applications related to coupled fluid flow and crustal deformations},
	author={Rutqvist, Jonny},
	journal={Computers \& Geosciences},
	volume={37},
	number={6},
	pages={739--750},
	year={2011},
	publisher={Elsevier}
}
@book{satter2008practical,
	title={Practical enhanced reservoir engineering: assisted with simulation software},
	author={Satter, Abdus and Iqbal, Ghulam M and Buchwalter, James L},
	year={2008},
	publisher={Pennwell Books}
}
@article{shi2012assessment,
	title={Assessment of carbon dioxide plume behaviour within the storage reservoir and the lower caprock around the KB-502 injection well at In Salah},
	author={Shi, Ji-Quan and Sinayuc, Caglar and Durucan, Sevket and Korre, Anna},
	journal={International Journal of Greenhouse Gas Control},
	volume={7},
	pages={115--126},
	year={2012},
	publisher={Elsevier}
}
@book{theis1935relation,
	title={The relation between the lowering of the piezometric surface and the rate and duration of discharge of a well using ground water storage},
	author={Theis, Charles V},
	year={1935},
	publisher={US Department of the Interior, Geological Survey, Water Resources Division, Ground Water Branch Washington, DC}
}
@article{vasco2008reservoir,
	title={Reservoir monitoring and characterization using satellite geodetic data: Interferometric synthetic aperture radar observations from the Krechba field, Algeria},
	author={Vasco, DW and Ferretti, Alessandro and Novali, Fabrizio},
	journal={Geophysics},
	volume={73},
	number={6},
	pages={WA113--WA122},
	year={2008},
	publisher={Society of Exploration Geophysicists}
}
@article{vasco2010satellite,
	title={Satellite-based measurements of surface deformation reveal fluid flow associated with the geological storage of carbon dioxide},
	author={Vasco, DW and Rucci, Alessio and Ferretti, Alessandro and Novali, Fabrizio and Bissell, RC and Ringrose, PS and Mathieson, AS and Wright, IW},
	journal={Geophysical Research Letters},
	volume={37},
	number={3},
	year={2010},
	publisher={Wiley Online Library}
}
@article{verdon2013comparison,
	title={Comparison of geomechanical deformation induced by megatonne-scale CO2 storage at Sleipner, Weyburn, and In Salah},
	author={Verdon, James P and Kendall, J-Michael and Stork, Anna L and Chadwick, R Andy and White, Don J and Bissell, Rob C},
	journal={Proceedings of the National Academy of Sciences},
	volume={110},
	number={30},
	pages={E2762--E2771},
	year={2013},
	publisher={National Acad Sciences}
}
@article{vest1970oil,
	title={Oil fields of Pennsylvanian-Permian horseshoe atoll, west Texas},
	author={Vest Jr, EL},
	year={1970},
	publisher={AAPG Special Volumes}
}
@article{white2014geomechanical,
	title={Geomechanical behavior of the reservoir and caprock system at the In Salah CO2 storage project},
	author={White, Joshua A and Chiaramonte, Laura and Ezzedine, Souheil and Foxall, William and Hao, Yue and Ramirez, Abelardo and McNab, Walt},
	journal={Proceedings of the National Academy of Sciences},
	volume={111},
	number={24},
	pages={8747--8752},
	year={2014},
	publisher={National Acad Sciences}
}
@article{xu2012fluid,
	title={A fluid pressure and deformation analysis for geological sequestration of carbon dioxide},
	author={Xu, Zhijie and Fang, Yilin and Scheibe, Timothy D and Bonneville, Alain},
	journal={Computers \& Geosciences},
	volume={46},
	pages={31--37},
	year={2012},
	publisher={Elsevier}
}
@article{newman1973pore,
	title={Pore-volume compressibility of consolidated, friable, and unconsolidated reservoir rocks under hydrostatic loading},
	author={Newman, GH and others},
	journal={Journal of Petroleum Technology},
	volume={25},
	number={02},
	pages={129--134},
	year={1973},
	publisher={Society of Petroleum Engineers}
}