@article{aster2011validation,
  title={{ASTER Global Digital Elevation Model Version 2-Summary of Validation Results}},
  author={Tachikawa, Tetsushi and Kaku, Manabu and Iwasaki, Akira and Gesch, Dean and Oimoen, Michael and Zhang, Zheng and Danielson, Jeffrey and Krieger, Tabatha and Curtis, Bill and Haase, Jeff and others},
  journal={ASTER GDEM Validation Team (http://www. jspacesystems. or. jp/ersdac/GDEM/ver2Validation/Summary\_GDEM2\_v alidation\_report\_final. pdf)},
  year={2011}
}

@book{bindschadler1983finite,
  title={{Finite-difference model predictions of the drastic retreat of Columbia Glacier, Alaska}},
  author={Bindschadler, Robert A and Rasmussen, Lowell A},
  year={1983},
  publisher={US Government Printing Office}
}

@article{bjornsson1996scales,
  title={{Scales and rates of glacial sediment removal: a 20 km long and 300 m deep trench created beneath Brei{\dh}amerkurj{\"o}kull during the Little Ice Age}},
  author={Bj{\"o}rnsson, Helgi},
  journal={Annals of Glaciology},
  volume={22},
  pages={141--146},
  year={1996}
}

@article{bjornsson2001jokulsarlon,
  title={{J{\"o}kuls{\'a}rl{\'o}n at Brei{\dh}amerkursandur, Vatnaj{\"o}kull, Iceland: 20th century changes and future outlook}},
  author={Bj{\"o}rnsson, Helgi and P{\'a}lsson, Finnur and Gu{\dh}mundsson, Sverrir},
  journal={J{\"o}kull},
  volume={50},
  pages={1--18},
  year={2001}
}


@article{bookstein1989principal,
  title={{Principal warps: Thin-plate splines and the decomposition of deformations}},
  author={Bookstein, Fred L.},
  journal={Pattern Analysis and Machine Intelligence, IEEE Transactions on},
  volume={11},
  number={6},
  pages={567--585},
  year={1989},
  publisher={IEEE}
}

@book{buhmann2003radial,
  title={{Radial basis functions: theory and implementations}},
  author={Buhmann, Martin Dietrich},
  volume={12},
  year={2003},
  publisher={Cambridge university press}
}

@article{cherrie2002fast,
  title={{Fast Evaluation of Radial Basis Functions: Methods for Generalized Multiquadrics in $\backslash$RR\^{}$\backslash$protectn}},
  author={Cherrie, Jon Barry and Beatson, Richard Keith and Newsam, Garry Neil},
  journal={Siam Journal on Scientific Computing},
  volume={23},
  number={5},
  pages={1549--1571},
  year={2002},
  publisher={SIAM}
}

@article{coates1985space,
  title={{Space-age geodesy: The NASA crustal dynamics project}},
  author={Coates, Robert J and Frey, Herbert and Mead, Gilbert D and Bosworth, John M},
  journal={Geoscience and Remote Sensing, IEEE Transactions on},
  number={4},
  pages={360--368},
  year={1985},
  publisher={IEEE}
}

@article{dixon1991introduction,
  title={{An introduction to the Global Positioning System and some geological applications}},
  author={Dixon, TH},
  journal={Reviews of Geophysics},
  volume={29},
  number={2},
  pages={249--276},
  year={1991}
}

@article{etzelmuller1993mass,
  title={{Mass balance and changes of surface slope, crevasse and flow pattern of Erikbreen, northern Spitsbergen: an application of a geographical information system (GIS)}},
  author={Etzelmuller, Bernd and Vatne, Geir and Degard, Rune S and Sollid, Johan Ludvig},
  journal={Polar research},
  volume={12},
  number={2},
  pages={131--146},
  year={1993},
  publisher={Wiley Online Library}
}

@article{hardy1971multiquadric,
  title={{Multiquadric equations of topography and other irregular surfaces}},
  author={Hardy, Rolland L},
  journal={Journal of geophysical research},
  volume={76},
  number={8},
  pages={1905--1915},
  year={1971},
  publisher={American Geophysical Union}
}
@article{hardy1990theory,
  title={{Theory and applications of the multiquadric-biharmonic method 20 years of discovery 1968--1988}},
  author={Hardy, Rolland L},
  journal={Computers \& Mathematics with Applications},
  volume={19},
  number={8},
  pages={163--208},
  year={1990},
  publisher={Pergamon}
}

@article{holland2008acceleration,
  title={{Acceleration of Jakobshavn Isbrae triggered by warm subsurface ocean waters}},
  author={Holland, David M and Thomas, Robert H and De Young, Brad and Ribergaard, Mads H and Lyberth, Bjarne},
  journal={Nature Geoscience},
  volume={1},
  number={10},
  pages={659--664},
  year={2008},
  publisher={Nature Publishing Group}
}

@article{howat2008dynamic,
  title={{Dynamic controls on glacier basal motion inferred from surface ice motion}},
  author={Howat, Ian M and Tulaczyk, Slawek and Waddington, Edwin and Bj{\"o}rnsson, Helgi},
  journal={Journal of Geophysical Research: Earth Surface (2003--2012)},
  volume={113},
  number={F3},
  year={2008},
  publisher={Wiley Online Library}
}

@article{joughin2012ice,
  title={{Ice-sheet response to oceanic forcing}},
  author={Joughin, Ian and Alley, Richard B and Holland, David M},
  journal={science},
  volume={338},
  number={6111},
  pages={1172--1176},
  year={2012},
  publisher={American Association for the Advancement of Science}
}

@article{jiang2010accelerating,
  title={{Accelerating uplift in the North Atlantic region as an indicator of ice loss}},
  author={Jiang, Yan and Dixon, Timothy H and Wdowinski, Shimon},
  journal={Nature Geoscience},
  volume={3},
  number={6},
  pages={404--407},
  year={2010},
  publisher={Nature Publishing Group}
}

@inproceedings{langebrake2002design,
  title={{Design and initial results of a bottom stationing ocean profiler}},
  author={Langebrake, Lawrence C and Lembke, Chad E and Weisberg, Robert H and Byrne, Robert H and Russell, D Randy and Tilbury, Graham and Carr, Raymond},
  booktitle={{OCEANS'02 MTS/IEEE}},
  volume={1},
  pages={98--103},
  year={2002},
  organization={IEEE}
}

@article{payne2004recent,
  title={{Recent dramatic thinning of largest West Antarctic ice stream triggered by oceans}},
  author={Payne, Antony J and Vieli, Andreas and Shepherd, Andrew P and Wingham, Duncan J and Rignot, Eric},
  journal={Geophysical Research Letters},
  volume={31},
  number={23},
  year={2004},
  publisher={Wiley Online Library}
}

@book{rasmussen1982continuity,
  title={{Continuity equation model of the predicted drastic retreat of Columbia Glacier, Alaska}},
  author={Rasmussen, Lowell A and Meier, Mark F},
  year={1982},
  publisher={US Government Printing Office}
}

@article{shepherd2004warm,
  title={{Warm ocean is eroding West Antarctic ice sheet}},
  author={Shepherd, Andrew and Wingham, Duncan and Rignot, Eric},
  journal={Geophysical Research Letters},
  volume={31},
  number={23},
  year={2004},
  publisher={Wiley Online Library}
}

@book{sikonia1979columbia,
  title={{Columbia Glacier, Alaska: Recent ice loss and its relationship to seasonal terminal embayments, thinning, and glacier flow}},
  author={Sikonia, William G and Post, Austin},
  year={1979},
  publisher={US Geological Survey}
}

@article{straneo2010rapid,
  title={{Rapid circulation of warm subtropical waters in a major glacial fjord in East Greenland}},
  author={Straneo, Fiammetta and Hamilton, Gordon S and Sutherland, David A and Stearns, Leigh A and Davidson, Fraser and Hammill, Mike O and Stenson, Garry B and Rosing-Asvid, Aqqalu},
  journal={Nature Geoscience},
  volume={3},
  number={3},
  pages={182--186},
  year={2010},
  publisher={Nature Publishing Group}
}


@article{straneo2012characteristics,
  title={{Characteristics of ocean waters reaching Greenland's glaciers}},
  author={Straneo, Fiammetta and Sutherland, David A and Holland, David and Gladish, Carl and Hamilton, Gordon S and Johnson, Helen L and Rignot, Eric and Xu, Yun and Koppes, Michele},
  journal={Annals of Glaciology},
  volume={53},
  number={60},
  pages={202},
  year={2012}
}

@article{strozzi2012topography,
  title={{Topography Mapping With a Portable Real-Aperture Radar Interferometer}},
  author={Strozzi, Tazio and Werner, Charles and Wiesmann, Andreas and Wegmuller, Urs},
  journal={Geoscience and Remote Sensing Letters, IEEE},
  volume={9},
  number={2},
  pages={277--281},
  year={2012},
  publisher={IEEE}
}

@inproceedings{werner2008real,
  title={{A real-aperture radar for ground-based differential interferometry}},
  author={Werner, Charles and Strozzi, Tazio and Wiesmann, Andreas and Wegmuller, U},
  booktitle={{Geoscience and Remote Sensing Symposium, 2008. IGARSS 2008. IEEE International}},
  volume={3},
  pages={III--210},
  year={2008},
  organization={IEEE}
}

@article{wouters2008grace,
  title={{GRACE observes small-scale mass loss in Greenland}},
  author={Wouters, B and Chambers, D and Schrama, EJO},
  journal={Geophysical Research Letters},
  volume={35},
  number={20},
  year={2008}
}

@article{yang2013annual,
  title={{Annual variation of coastal uplift in Greenland as an indicator of variable and accelerating ice mass loss}},
  author={Yang, Qian and Wdowinski, Shimon and Dixon, Timothy H},
  journal={Geochemistry, Geophysics, Geosystems},
  year={2013},
  publisher={Wiley Online Library}
}  
  
@article{motyka2003submarine,
  title={{Submarine melting at the terminus of a temperate tidewater glacier, LeConte Glacier, Alaska, USA}},
  author={Motyka, Roman J and Hunter, Lewis and Echelmeyer, Keith A and Connor, Cathy},
  journal={Annals of Glaciology},
  volume={36},
  number={1},
  pages={57--65},
  year={2003},
  publisher={International Glaciological Society}
}  

@Manual{GDAL ,
title = {GDAL - Geospatial Data Abstraction Library, Version 1.7.3},
author = {{GDAL Development Team}},
organization = {Open Source Geospatial Foundation},
year = {2013},
url = { http://www.gdal.org}, 
}

@article{goldstein1998radar,
  title={{Radar interferogram filtering for geophysical applications}},
  author={Goldstein, Richard M and Werner, Charles L},
  journal={Geophysical Research Letters},
  volume={25},
  number={21},
  pages={4035--4038},
  year={1998},
  publisher={American Geophysical Union}
}

@article{raup2007glims,
  title={{The GLIMS geospatial glacier database: A new tool for studying glacier change}},
  author={Raup, Bruce and Racoviteanu, Adina and Khalsa, Siri Jodha Singh and Helm, Christopher and Armstrong, Richard and Arnaud, Yves},
  journal={Global and Planetary Change},
  volume={56},
  number={1},
  pages={101--110},
  year={2007},
  publisher={Elsevier}
}

@article{sigurdhsson2005glims,
  title={{GLIMS Glacier Database Analysis, \_ID 57832. Boulder, CO: National Snow and Ice Data Center/World Data Center for Glaciology}},
  author={Sigur{\dh}sson, O},
  journal={Digital Media},
  year={2005}
}

@article {DIXONEOS,
author = {Dixon, Timothy H. and Voytenko, Denis and Lembke, Chad and de la Peña, Santiago and Howat, Ian and Gourmelen, Noel and Werner, Charles and Oddsson, Björn},
title = {Emerging technology monitors ice-sea interface at outlet glaciers},
journal = {Eos, Transactions American Geophysical Union},
volume = {93},
number = {48},
issn = {2324-9250},
url = {http://dx.doi.org/10.1029/2012EO480001},
doi = {10.1029/2012EO480001},
pages = {497--498},
keywords = {marine-terminating glaciers, radar, ocean profiler, Breiðamerkurjökull glacier, Iceland},
year = {2012},
}

@article{arendt2002rapid,
  title={{Rapid wastage of Alaska glaciers and their contribution to rising sea level}},
  author={Arendt, Anthony A and Echelmeyer, Keith A and Harrison, William D and Lingle, Craig S and Valentine, Virginia B},
  journal={Science},
  volume={297},
  number={5580},
  pages={382--386},
  year={2002},
  publisher={American Association for the Advancement of Science}
}

@article{marshall2005simulation,
  title={{Simulation of Vatnaj{\"o}kull ice cap dynamics}},
  author={Marshall, SJ and Bj{\"o}rnsson, H and Flowers, GE and Clarke, GKC},
  journal={Journal of Geophysical Research: Earth Surface (2003--2012)},
  volume={110},
  number={F3},
  year={2005}
}

@article {GRLSIGMUNDSSON,
author = {Sigmundsson, Freysteinn and Einarsson, Páll},
title = {Glacio-isostatic crustal movements caused by historical volume change of the Vatnajökull Ice Cap, Iceland},
journal = {Geophysical Research Letters},
volume = {19},
number = {21},
issn = {1944-8007},
url = {http://dx.doi.org/10.1029/92GL02209},
doi = {10.1029/92GL02209},
pages = {2123--2126},
year = {1992},
}

@article{fofonoff1983algorithms,
  title={{Algorithms for computation of fundamental properties of seawater}},
  author={Fofonoff, Nick P and Millard, Robert C},
  year={1983},
  publisher={UNESCO}
}

@article{winberry2009basal,
  title={{Basal mechanics of ice streams: Insights from the stick-slip motion of Whillans Ice Stream, West Antarctica}},
  author={Winberry, J Paul and Anandakrishnan, Sridhar and Alley, Richard B and Bindschadler, Robert A and King, Matt A},
  journal={Journal of Geophysical Research: Earth Surface (2003--2012)},
  volume={114},
  number={F1},
  year={2009},
  publisher={Wiley Online Library}
}

@article{covello2010cosmo,
  title={{COSMO-SkyMed an existing opportunity for observing the Earth}},
  author={Covello, F and Battazza, F and Coletta, A and Lopinto, E and Fiorentino, C and Pietranera, L and Valentini, G and Zoffoli, S},
  journal={Journal of Geodynamics},
  volume={49},
  number={3},
  pages={171--180},
  year={2010},
  publisher={Elsevier}
}

@article{werninghaus2010terrasar,
  title={{The TerraSAR-X mission and system design}},
  author={Werninghaus, Rolf and Buckreuss, Stefan},
  journal={Geoscience and Remote Sensing, IEEE Transactions on},
  volume={48},
  number={2},
  pages={606--614},
  year={2010},
  publisher={IEEE}
}

@article{bjornsson2008icelandic,
  title={{Icelandic glaciers}},
  author={Bj{\"o}rnsson, Helgi and P{\'a}lsson, Finnur},
  journal={J{\"o}kull},
  volume={58},
  pages={365--386},
  year={2008}
}

@article {zhaovatna,
author = {Wenliang, Zhao and Falk, Amelung and Timothy, Dixon and Shimon, Wdowinski and Rocco, Malservisi},
title = {A method for estimating ice mass loss from relative InSAR observations: Application to the Vatnajökull ice cap, Iceland},
journal = {Geochemistry, Geophysics, Geosystems},
issn = {1525-2027},
url = {http://dx.doi.org/10.1002/2013GC004936},
doi = {10.1002/2013GC004936},
pages = {n/a--n/a},
year = {2013},
}

@article{Rignot19072013,
author = {Rignot, E. and Jacobs, S. and Mouginot, J. and Scheuchl, B.}, 
title = {Ice-Shelf Melting Around Antarctica},
volume = {341}, 
number = {6143}, 
pages = {266-270}, 
year = {2013}, 
doi = {10.1126/science.1235798}, 
abstract ={We compare the volume flux divergence of Antarctic ice shelves in 2007 and 2008 with 1979 to 2010 surface accumulation and 2003 to 2008 thinning to determine their rates of melting and mass balance. Basal melt of 1325 ± 235 gigatons per year (Gt/year) exceeds a calving flux of 1089 ± 139 Gt/year, making ice-shelf melting the largest ablation process in Antarctica. The giant cold-cavity Ross, Filchner, and Ronne ice shelves covering two-thirds of the total ice-shelf area account for only 15% of net melting. Half of the meltwater comes from 10 small, warm-cavity Southeast Pacific ice shelves occupying 8% of the area. A similar high melt/area ratio is found for six East Antarctic ice shelves, implying undocumented strong ocean thermal forcing on their deep grounding lines.}, 
URL = {http://www.sciencemag.org/content/341/6143/266.abstract}, 
eprint = {http://www.sciencemag.org/content/341/6143/266.full.pdf}, 
journal = {Science} 
}

@article {motyka2013,
author = {Motyka, Roman J and Dryer, William P and Amundson, Jason and Truffer, Martin and Fahnestock, Mark},
title = {Rapid submarine melting driven by subglacial discharge, LeConte Glacier, Alaska},
journal = {Geophysical Research Letters},
volume = {40},
number = {19},
issn = {1944-8007},
url = {http://dx.doi.org/10.1002/grl.51011},
doi = {10.1002/grl.51011},
pages = {5153--5158},
keywords = {tidewater glaciers, submarine melting, frontal ablation},
year = {2013},
}

@article{shepherd2012reconciled,
  title={{A reconciled estimate of ice-sheet mass balance}},
  author={Shepherd, Andrew and Ivins, Erik R and Geruo, A and Barletta, Valentina R and Bentley, Mike J and Bettadpur, Srinivas and Briggs, Kate H and Bromwich, David H and Forsberg, Ren{\'e} and Galin, Natalia and others},
  journal={Science},
  volume={338},
  number={6111},
  pages={1183--1189},
  year={2012},
  publisher={American Association for the Advancement of Science}
}

@article{rignot2011acceleration,
  title={{Acceleration of the contribution of the Greenland and Antarctic ice sheets to sea level rise}},
  author={Rignot, E and Velicogna, I and Van den Broeke, MR and Monaghan, A and Lenaerts, JTM},
  journal={Geophysical Research Letters},
  volume={38},
  number={5},
  year={2011}
}

@article{mao1999noise,
  title={{Noise in GPS coordinate time series}},
  author={Mao, Ailin and Harrison, Christopher GA and Dixon, Timothy H},
  journal={Journal of Geophysical Research: Solid Earth (1978--2012)},
  volume={104},
  number={B2},
  pages={2797--2816},
  year={1999},
  publisher={Wiley Online Library}
}

@article{costantini1998novel,
  title={{A novel phase unwrapping method based on network programming}},
  author={Costantini, Mario},
  journal={Geoscience and Remote Sensing, IEEE Transactions on},
  volume={36},
  number={3},
  pages={813--821},
  year={1998},
  publisher={IEEE}
}

@ARTICLE{kwokandfahnestock, 
author={Kwok, R. and Fahnestock, M.A.}, 
journal={Geoscience and Remote Sensing, IEEE Transactions on}, 
title={{Ice sheet motion and topography from radar interferometry}}, 
year={1996}, 
month={Jan}, 
volume={34}, 
number={1}, 
pages={189-200}, 
keywords={glaciology;hydrological techniques;radar applications;radar imaging;remote sensing by radar;spaceborne radar;synthetic aperture radar;Greenland;SAR method;flow;geophysical measurement technique;glaciology;hydrology;ice sheet motion;motion;polar ice sheet;radar interferometry;radar remote sensing;repeat pass ERS-1 interferogram;surface displacement field;topography;velocity field;Data mining;Ice surface;Laboratories;Propulsion;Radar interferometry;Satellites;Space technology;Streaming media;Surface topography;Synthetic aperture radar}, 
doi={10.1109/36.481903}, 
ISSN={0196-2892},
}

@article{wangensteen2005mapping,
  title={{Mapping glacier velocities on Svalbard using ERS tandem DInSAR data}},
  author={Wangensteen, Bj{\o}rn and Weydahl, Dan Johan and Hagen, Jon Ove},
  journal={Norsk Geografisk Tidsskrift},
  volume={59},
  number={4},
  pages={276--285},
  year={2005},
  publisher={Taylor \& Francis}
}

@inproceedings{cumming1999measuring,
  title={{Measuring the 3-D flow of the Lowell Glacier with InSAR}},
  author={Cumming, Ian and Zhang, Joe},
  booktitle={{Proceedings of ESA Fringe'99 Meeting, November 10-12, Liege, Belgium}},
  year={1999}
}

@article{jenkins1999impact,
  title={{The impact of melting ice on ocean waters}},
  author={Jenkins, Adrian},
  journal={Journal of physical oceanography},
  volume={29},
  number={9},
  pages={2370--2381},
  year={1999}
}

@article{straneo2011impact,
  title={{Impact of fjord dynamics and glacial runoff on the circulation near Helheim Glacier}},
  author={Straneo, Fiammetta and Curry, Ruth G and Sutherland, David A and Hamilton, Gordon S and Cenedese, Claudia and V{\aa}ge, Kjetil and Stearns, Leigh A},
  journal={Nature Geoscience},
  volume={4},
  number={5},
  pages={322--327},
  year={2011},
  publisher={Nature Publishing Group}
}

@article{rignot2010rapid,
  title={{Rapid submarine melting of the calving faces of West Greenland glaciers}},
  author={Rignot, Eric and Koppes, Michele and Velicogna, Isabella},
  journal={Nature Geoscience},
  volume={3},
  number={3},
  pages={187--191},
  year={2010},
  publisher={Nature Publishing Group}
}

@article{mortensen2011heat,
  title={{Heat sources for glacial melt in a sub-Arctic fjord (Godth{\aa}bsfjord) in contact with the Greenland Ice Sheet}},
  author={Mortensen, J and Lennert, K and Bendtsen, J and Rysgaard, S},
  journal={Journal of Geophysical Research: Oceans (1978--2012)},
  volume={116},
  number={C1},
  year={2011}
}

@article{park2013sustained,
  title={{Sustained retreat of the Pine Island Glacier}},
  author={Park, JW and Gourmelen, N and Shepherd, A and Kim, SW and Vaughan, DG and Wingham, DJ},
  journal={Geophysical Research Letters},
  volume={40},
  number={10},
  pages={2137--2142},
  year={2013},
  publisher={Wiley Online Library}
}

@article{strozzi2002glacier,
  title={{Glacier motion estimation using SAR offset-tracking procedures}},
  author={Strozzi, Tazio and Luckman, Adrian and Murray, Tavi and Wegmuller, U and Werner, Charles L},
  journal={Geoscience and Remote Sensing, IEEE Transactions on},
  volume={40},
  number={11},
  pages={2384--2391},
  year={2002},
  publisher={IEEE}
}

@article{motyka2011submarine,
  title={{Submarine melting of the 1985 Jakobshavn Isbr{\ae} floating tongue and the triggering of the current retreat}},
  author={Motyka, Roman J and Truffer, Martin and Fahnestock, Mark and Mortensen, John and Rysgaard, S{\o}ren and Howat, Ian},
  journal={Journal of Geophysical Research: Earth Surface (2003--2012)},
  volume={116},
  number={F1},
  year={2011}
}

@article{landl2003energy,
  title={{The energy balance of calved ice in Lake J{\"o}kulsarl{\'o}n, Iceland}},
  author={Landl, Barbara and Bj{\"o}rnsson, Helgi and Kuhn, Michael},
  journal={Arctic, Antarctic, and Alpine Research},
  volume={35},
  number={4},
  pages={475--481},
  year={2003},
  publisher={INSTAAR}
}

@article{brandon2013hydrographic,
  title={{Hydrographic measurements in J{\"o}kuls{\'a}rl{\'o}n lagoon, Iceland}},
  author={Brandon, Mark and Hodgkins, Richard and Bj{\"o}rnsson, Helgi and {\'O}laffson, J{\'o}n},
  year={2013}
}

@article{riesen2011short,
  title={{Short-term surface ice motion variations measured with a ground-based portable real aperture radar interferometer}},
  author={Riesen, Patrick and Strozzi, Tazio and Bauder, Andreas and Wiesmann, Andreas and Funk, Martin},
  journal={Journal of Glaciology},
  volume={57},
  number={201},
  pages={53--60},
  year={2011},
  publisher={International Glaciological Society}
}

@article{lowry2013high,
  title={{High resolution displacement monitoring of a slow velocity landslide using ground based radar interferometry}},
  author={Lowry, B and Gomez, F and Zhou, W and Mooney, MA and Held, B and Grasmick, J},
  journal={Engineering Geology},
  volume={166},
  pages={160--169},
  year={2013},
  publisher={Elsevier}
}


@article{gade1979,
  title={{Melting of ice in sea water: A primitive model with application to the Antarctic ice shelf and icebergs}},
  author={Gade, Herman G},
  journal={Journal of Physical Oceanography},
  volume={9},
  number={1},
  pages={189--198},
  year={1979}
}

@article{mortensen2013,
  title={{On the seasonal freshwater stratification in the proximity of fast-flowing tidewater outlet glaciers in a sub-Arctic sill fjord}},
  author={Mortensen, J and Bendtsen, J and Motyka, RJ and Lennert, K and Truffer, M and Fahnestock, M and Rysgaard, S{\o}ren},
  journal={Journal of Geophysical Research: Oceans},
  volume={118},
  number={3},
  pages={1382--1395},
  year={2013},
  publisher={Wiley Online Library}
}

@inproceedings{nagler2012retrieval,
  title={{Retrieval of 3D-glacier movement by high resolution X-band SAR data}},
  author={Nagler, Thomas and Rott, Helmut and Hetzenecker, Markus and Scharrer, Kilian and Magnusson, Eyjolfur and Floricioiu, Dana and Notarnicola, Claudia},
  booktitle={{Geoscience and Remote Sensing Symposium (IGARSS), 2012 IEEE International}},
  pages={3233--3236},
  year={2012},
  organization={IEEE}
}

@inproceedings{voytenko2012monitoring,
  title={{Monitoring a glacier in southeastern Iceland with the portable Terrestrial Radar Interferometer}},
  author={Voytenko, Denis and Dixon, Timothy H and Werner, Charles and Gourmelen, Noel and Howat, Ian M and Tinder, Phaedra C and Hooper, Andrew},
  booktitle={{Geoscience and Remote Sensing Symposium (IGARSS), 2012 IEEE International}},
  pages={3230--3232},
  year={2012},
  organization={IEEE}
}

@article{paul2013glaciers,
  title={{The glaciers climate change initiative: Methods for creating glacier area, elevation change and velocity products}},
  author={Paul, Frank and Bolch, Tobias and K{\"a}{\"a}b, Andreas and Nagler, Thomas and Nuth, Christopher and Scharrer, Killian and Shepherd, Andrew and Strozzi, Tazio and Ticconi, Francesca and Bhambri, Rakesh and others},
  journal={Remote Sensing of Environment},
  year={2013},
  publisher={Elsevier}
}
@book{ipcc,
  title={{The physical science basis: Contribution of Working Group I to the fourth assessment report of the Intergovernmental Panel on Climate Change}},
  author={Solomon, Susan},
  year={2007},
  publisher={Cambridge University Press}
}

@article {hulbe,
author = {Hulbe, Christina L. and MacAyeal, Douglas R. and Denton, George H. and Kleman, Johan and Lowell, Thomas V.},
title = {{Catastrophic ice shelf breakup as the source of Heinrich event icebergs}},
journal = {Paleoceanography},
volume = {19},
number = {1},
issn = {1944-9186},
url = {http://dx.doi.org/10.1029/2003PA000890},
doi = {10.1029/2003PA000890},
keywords = {Heinrich events, ice shelf disintegration},
year = {2004},
}


@article{jacka1991antarctic,
  title={{An Antarctic field study of the rheology and movement of a sea-ice floe aggregate}},
  author={Jacka, TH and Thwaites, R and Wilson, JC},
  journal={Annals of Glaciology},
  volume={15},
  pages={261--264},
  year={1991}
}


@book{glover2011modeling,
  title={{Modeling methods for marine science}},
  author={Glover, D M and Jenkins, W J and Doney, S C},
  year={2011},
  publisher={Cambridge University Press}
} 

@inproceedings{werner2008gamma,
  title={{Gamma’s portable radar interferometer}},
  author={Werner, C and Strozzi, T and Wiesmann, A and Wegm{\"u}ller, U},
  booktitle={{13th FIG Symposium on Deformation Measurements and analysis, LNEC, Lisbon May}},
  volume={12},
  pages={16},
  year={2008}
}
@article{heinert2007parametric,
  title={{Parametric modelling of the geometrical ice-ocean interaction in the Ekstroemisen grounding zone based on short time-series}},
  author={Heinert, M and Riedel, B},
  journal={Geophysical Journal International},
  volume={169},
  number={2},
  pages={407--420},
  year={2007},
  publisher={Wiley Online Library}
}
@article{walters1987analysis,
  title={{Analysis of time series of glacier speed: Columbia Glacier, Alaska}},
  author={Walters, R A and Dunlap, W W},
  journal={Journal of Geophysical Research: Solid Earth (1978--2012)},
  volume={92},
  number={B9},
  pages={8969--8975},
  year={1987},
  publisher={Wiley Online Library}
}
@article{meier1987fast,
  title={{Fast tidewater glaciers}},
  author={Meier, M F and Post, A},
  journal={Journal of Geophysical Research: Solid Earth (1978--2012)},
  volume={92},
  number={B9},
  pages={9051--9058},
  year={1987},
  publisher={Wiley Online Library}
}
@article{howat2011mass,
  title={{Mass balance of Greenland's three largest outlet glaciers, 2000--2010}},
  author={Howat, I M and Ahn, Y and Joughin, I and van den Broeke, M R and Lenaerts, J and Smith, B},
  journal={Geophysical Research Letters},
  volume={38},
  number={12},
  year={2011},
  publisher={Wiley Online Library}
}
@article{de2010sudden,
  title={{Sudden increase in tidal response linked to calving and acceleration at a large Greenland outlet glacier}},
  author={de Juan, J and El{\'o}segui, P and Nettles, M and Larsen, T B and Davis, J L and Hamilton, G S and Stearns, L A and Andersen, M L and Ekstr{\"o}m, G and Ahlstr{\o}m, A P and others},
  journal={Geophysical Research Letters},
  volume={37},
  number={12},
  year={2010}
}
@article{doake2002tide,
  title={{Tide-induced lateral movement of Brunt Ice Shelf, Antarctica}},
  author={Doake, C S M and Corr, H F J and Nicholls, K W and Gaffikin, A and Jenkins, A and Bertiger, W I and King, M A},
  journal={Geophysical research letters},
  volume={29},
  number={8},
  pages={67--1},
  year={2002}
}
@article{joughin2008ice,
  title={{Ice-front variation and tidewater behavior on Helheim and Kangerdlugssuaq Glaciers, Greenland}},
  author={Joughin, I and Howat, I and Alley, R B and Ekstrom, G and Fahnestock, M and Moon, T and Nettles, M and Truffer, M and Tsai, V C},
  journal={Journal of Geophysical Research: Earth Surface (2003--2012)},
  volume={113},
  number={F1},
  year={2008}
}
@article{anandakrishnan2003ice,
  title={{Ice stream D flow speed is strongly modulated by the tide beneath the Ross Ice Shelf}},
  author={Anandakrishnan, S and Voigt, D E and Alley, R B and King, M A},
  journal={Geophysical Research Letters},
  volume={30},
  number={7},
  year={2003}
}
@article{andresen2012rapid,
  title={{Rapid response of Helheim Glacier in Greenland to climate variability over the past century}},
  author={Andresen, C S and Straneo, F and Ribergaard, M H and Bj{\o}rk, A A and Andersen, T J and Kuijpers, A and N{\o}rgaard-Pedersen, N and Kj{\ae}r, K H and Schj{\o}th, F and Weckstr{\"o}m, K and others},
  journal={Nature Geoscience},
  volume={5},
  number={1},
  pages={37--41},
  year={2012},
  publisher={Nature Publishing Group}
}
@article{thomas2007tide,
  title={{Tide-induced perturbations of glacier velocities}},
  author={Thomas, R H},
  journal={Global and Planetary Change},
  volume={59},
  number={1},
  pages={217--224},
  year={2007},
  publisher={Elsevier}
}
@article{murray2007ice,
  title={{Ice flow modulated by tides at up to annual periods at Rutford Ice Stream, West Antarctica}},
  author={Murray, T and Smith, A M and King, M A and Weedon, G P},
  journal={Geophysical Research Letters},
  volume={34},
  number={18},
  year={2007}
}
@article{dixon2012emerging,
  title={{Emerging technology monitors ice-sea interface at outlet glaciers}},
  author={Dixon, T H and Voytenko, D and Lembke, C and de la Pe{\~n}a, S and Howat, I and Gourmelen, N and Werner, C and Oddsson, B},
  journal={Eos, Transactions American Geophysical Union},
  volume={93},
  number={48},
  pages={497--498},
  year={2012},
  publisher={Wiley Online Library}
}
@article{rignot2006changes,
  title={{Changes in the velocity structure of the Greenland Ice Sheet}},
  author={Rignot, E and Kanagaratnam, P},
  journal={Science},
  volume={311},
  number={5763},
  pages={986--990},
  year={2006},
  publisher={American Association for the Advancement of Science}
}

@article{walker2014ice,
  title={{Ice-shelf flexure and tidal forcing of Bindschadler Ice Stream, West Antarctica}},
  author={Walker, R T and Parizek, B R and Alley, R B and Brunt, K M and Anandakrishnan, S},
  journal={Earth and Planetary Science Letters},
  volume={395},
  pages={184--193},
  year={2014},
  publisher={Elsevier}
}

@article{howat2005rapid,
  title={{Rapid retreat and acceleration of Helheim Glacier, east Greenland}},
  author={Howat, I M and Joughin, I and Tulaczyk, S and Gogineni, S},
  journal={Geophysical Research Letters},
  volume={32},
  number={22},
  year={2005}
}
@article{sayag2013elastic,
  title={{Elastic dynamics and tidal migration of grounding lines modify subglacial lubrication and melting}},
  author={Sayag, R and Worster, M G},
  journal={Geophysical Research Letters},
  volume={40},
  number={22},
  pages={5877--5881},
  year={2013},
  publisher={Wiley Online Library}
}

@article{straneo2012characteristics,
  title={{Characteristics of ocean waters reaching Greenland's glaciers}},
  author={Straneo, F and Sutherland, D A and Holland, D and Gladish, C and Hamilton, G S and Johnson, H L and Rignot, E and Xu, Y and Koppes, M},
  journal={Annals of Glaciology},
  volume={53},
  number={60},
  pages={202--210},
  year={2012},
  publisher={International Glaciological Society}
}
@article{straneo2013challenges,
  title={{Challenges to Understanding the Dynamic Response of Greenland's Marine Terminating Glaciers to Oceanic and Atmospheric Forcing}},
  author={Straneo, F and Heimbach, P and Sergienko, O and Hamilton, G and Catania, G and Griffies, S and Hallberg, R and Jenkins, A and Joughin, I and Motyka, R and others},
  journal={Bulletin of the American Meteorological Society},
  volume={94},
  pages={1131--1144},
  year={2013}
}
@inproceedings{gudmundsson2005long,
  title={{Long-range tidal effects on Rutford Ice Stream, Antarctica}},
  author={Gudmundsson, G H},
  booktitle={{Geophys. Res. Abstr}},
  volume={7},
  number={01624},
  pages={1607--7962},
  year={2005}
}

@article{james2014buoyant,
  title={{Buoyant flexure and basal crevassing in dynamic mass loss at Helheim Glacier}},
  author={James, T D and Murray, T and Selmes, N and Scharrer, K and O’Leary, M},
  journal={Nature Geoscience},
  volume={7},
  number={8},
  pages={593--596},
  year={2014},
  publisher={Nature Publishing Group}
}

@article{rolstad2009ground,
  title={{Ground-based interferometric radar for velocity and calving-rate measurements of the tidewater glacier at Kronebreen, Svalbard}},
  author={Rolstad, C and Norland, R},
  journal={Annals of Glaciology},
  volume={50},
  number={50},
  pages={47--54},
  year={2009},
  publisher={International Glaciological Society}
}
@article{verger2011tidewater,
  title={{Tidewater glacier flow of Helheim Glacier, Greenland, 2006-2008, using high-rate GPS}},
  author={de Juan, J},
  year={2011},
  journal={Universitat de Barcelona}
}

@article{pawlowicz2002classical,
  title={{Classical tidal harmonic analysis including error estimates in MATLAB using T\_TIDE}},
  author={Pawlowicz, R and Beardsley, B and Lentz, S},
  journal={Computers \& Geosciences},
  volume={28},
  number={8},
  pages={929--937},
  year={2002},
  publisher={Elsevier}
}

@article{voytenko2014,
  title={{Multi-year observations of Brei{\dh}amerkurjökull, a marine-terminating glacier in southeastern Iceland, using Terrestrial Radar Interferometry}},
  author={Voytenko, D and Dixon, T H and Howat, I M and Gourmelen, N and Lembke, C and Werner, C L and de la Peña, S and Oddsson, B},
  journal={Journal of Glaciology},
  volume={61},
  number={225},
  pages={42-54},
  year={2015},
  publisher={International Glaciological Society}
}



@article{nick2009large,
  title={{Large-scale changes in Greenland outlet glacier dynamics triggered at the terminus}},
  author={Nick, F M and Vieli, A and Howat, I M and Joughin, I},
  journal={Nature Geoscience},
  volume={2},
  number={2},
  pages={110--114},
  year={2009},
  publisher={Nature Publishing Group}
}
@article{enderlin2014improved,
  title={{An improved mass budget for the Greenland ice sheet}},
  author={Enderlin, E M and Howat, I M and Jeong, S and Noh, M and Angelen, J H and Broeke, M R},
  journal={Geophysical Research Letters},
  volume={41},
  number={3},
  pages={866--872},
  year={2014},
  publisher={Wiley Online Library}
}
@article{podrasky2014quantifying,
  title={{Quantifying velocity response to ocean tides and calving near the terminus of Jakobshavn Isbr{\ae}, Greenland}},
  author={Podrasky, D and Truffer, M and L{\"u}thi, M and Fahnestock, M},
  journal={Journal of Glaciology},
  volume={60},
  number={222},
  pages={609--621},
  year={2014},
  publisher={International Glaciological Society}
}


@article{davis2014tides,
  title={{Evidence for non-tidal diurnal velocity variations of Helheim Glacier, East Greenland}},
  author={Davis, J L and de Juan, J and Nettles, M and Elosegui, P and Andersen, M L},
  journal={Journal of Glaciology},
  volume={60},
  number={224},
  pages={1169--1180},
  year={2014},
  publisher={International Glaciological Society}
}


@article{oneel2001leconte,
  title={{LeConte Glacier, Alaska, USA}},
  author={O'Neel, S and Echelmeyer, K A and Motyka, R J},
  journal={Journal of Glaciology},
  volume={47},
  number={159},
  pages={567--578},
  year={2001},
  publisher={International Glaciological Society}
}

@article{walker2012viscoelastic,
  title={{A viscoelastic flowline model applied to tidal forcing of Bindschadler Ice Stream, West Antarctica}},
  author={Walker, R T and Christianson, K and Parizek, B R and Anandakrishnan, S and Alley, R B},
  journal={Earth and Planetary Science Letters},
  volume={319},
  pages={128--132},
  year={2012},
  publisher={Elsevier}
}

@article{reeh2003tidal,
  title={{Tidal bending of glaciers: a linear viscoelastic approach}},
  author={Reeh, N and Christensen, E L and Mayer, C and Olesen, O B},
  journal={Annals of Glaciology},
  volume={37},
  number={1},
  pages={83--89},
  year={2003},
  publisher={International Glaciological Society}
}

@article{cook2014modelling,
  title={{Modelling environmental influences on calving at Helheim Glacier in eastern Greenland}},
  author={Cook, S and Rutt, I C and Murray, T and Luckman, A and Zwinger, T and Selmes, N and Goldsack, A and James, T D},
  journal={The Cryosphere},
  volume={8},
  number={3},
  pages={827--841},
  year={2014},
  publisher={Copernicus GmbH}
}

@article{licciardi1998deglaciation,
  title={{Deglaciation of a soft-bedded Laurentide Ice Sheet}},
  author={Licciardi, J M and Clark, P U and Jenson, J W and Macayeal, D R},
  journal={Quaternary Science Reviews},
  volume={17},
  number={4-5},
  pages={427--448},
  year={1998},
  publisher={Elsevier}
}

@article{joughin2010greenland,
  title={{Greenland flow variability from ice-sheet-wide velocity mapping}},
  author={Joughin, I and Smith, B E and Howat, I M and Scambos, T and Moon, T},
  journal={Journal of Glaciology},
  volume={56},
  number={197},
  pages={415--430},
  year={2010},
  publisher={International Glaciological Society}
}


@article{joughin2010measures,
  title={{MEaSUREs Greenland Ice Velocity Map from InSAR Data. Boulder, Colorado, USA: National Snow and Ice Data Center}},
  author={Joughin, I and Smith, B and Howat, I and Scambos, T},
  journal={Digital media},
  year={2010}
}
@article{jones1971iceberg,
  title={{Iceberg Tracking off Labrador}},
  author={Jones, GHS and Diehl, CHH},
  year={1971},
  publisher={Nature Publishing Group}
}

@inproceedings{dempster1974measurement,
  title={{The measurement and modelling of iceberg drift}},
  author={Dempster, RT},
  booktitle={{Engineering in the Ocean Environment, Ocean'74-IEEE International Conference on}},
  pages={125--129},
  year={1974},
  organization={IEEE}
}

@article{whitmore1985iceberg,
  title={{Iceberg paths and collision risks for fixed marine structures}},
  author={Whitmore, GA and Gentleman, Jane F},
  journal={Canadian Journal of Statistics},
  volume={13},
  number={2},
  pages={83--87},
  year={1985},
  publisher={Wiley Online Library}
}

@article{straneo2013challenges,
  title={{CHALLENGES TO UNDERSTANDING THE DYNAMIC RESPONSE OF GREENLAND'S MARINE TERMINATING GLACIERS TO OCEANIC AND ATMOSPHERIC FORCING.}},
  author={Straneo, Fiammetta and Heimbach, Patrick and Sergienko, Olga and Hamilton, Gordon and Catania, Ginny and Griffies, Stephen and Hallberg, Robert and Jenkins, Adrian and Joughin, Ian and Motyka, Roman and others},
  journal={Bulletin of the American Meteorological Society},
  volume={94},
  number={8},
  year={2013}
}

@article{silva2005computer,
  title={{Computer-based identification and tracking of Antarctic icebergs in SAR images}},
  author={Silva, Tiago AM and Bigg, Grant R},
  journal={Remote sensing of environment},
  volume={94},
  number={3},
  pages={287--297},
  year={2005},
  publisher={Elsevier}
}

@inproceedings{williams1995image,
  title={{An image segmentation technique to infer the outlines of icebergs, depicted in satellite images, from their shadows and bright sunlit surfaces}},
  author={Williams, R and Macdonald, M},
  booktitle={{Intelligent Information Systems, 1995. ANZIIS-95. Proceedings of the Third Australian and New Zealand Conference on}},
  pages={76--81},
  year={1995},
  organization={IEEE}
}
@article{willis1996iceberg,
  title={{Iceberg detection using ERS-1 synthetic aperture radar}},
  author={Willis, CJ and Macklin, JT and Partington, KC and Teleki, KA and Rees, WG and Williams, RG},
  journal={International Journal of Remote Sensing},
  volume={17},
  number={9},
  pages={1777--1795},
  year={1996},
  publisher={Taylor \& Francis}
}

@article{smith1983influence,
  title={{The influence of winds, currents and towing forces on the drift of icebergs}},
  author={Smith, Stuart D and Banke, Erik G},
  journal={Cold Regions Science and Technology},
  volume={6},
  number={3},
  pages={241--255},
  year={1983},
  publisher={Elsevier}
}

@article{landl2003energy,
  title={{The energy balance of calved ice in Lake J{\"o}kulsarl{\'o}n, Iceland}},
  author={Landl, Barbara and Bj{\"o}rnsson, Helgi and Kuhn, Michael},
  journal={Arctic, Antarctic, and Alpine Research},
  volume={35},
  number={4},
  pages={475--481},
  year={2003},
  publisher={INSTAAR}
}

@article {DIXONEOS,
author = {Dixon, Timothy H. and Voytenko, Denis and Lembke, Chad and de la Peña, Santiago and Howat, Ian and Gourmelen, Noel and Werner, Charles and Oddsson, Björn},
title = {Emerging technology monitors ice-sea interface at outlet glaciers},
journal = {Eos, Transactions American Geophysical Union},
volume = {93},
number = {48},
issn = {2324-9250},
url = {http://dx.doi.org/10.1029/2012EO480001},
doi = {10.1029/2012EO480001},
pages = {497--498},
keywords = {marine-terminating glaciers, radar, ocean profiler, Breiðamerkurjökull glacier, Iceland},
year = {2012},
}

@article{motyka2003submarine,
  title={{Submarine melting at the terminus of a temperate tidewater glacier, LeConte Glacier, Alaska, USA}},
  author={Motyka, Roman J and Hunter, Lewis and Echelmeyer, Keith A and Connor, Cathy},
  journal={Annals of Glaciology},
  volume={36},
  number={1},
  pages={57--65},
  year={2003},
  publisher={International Glaciological Society}
}  

@article{gumerov2007fast,
  title={{Fast radial basis function interpolation via preconditioned Krylov iteration}},
  author={Gumerov, Nail A and Duraiswami, Ramani},
  journal={SIAM Journal on Scientific Computing},
  volume={29},
  number={5},
  pages={1876--1899},
  year={2007},
  publisher={SIAM}
}

@article{carr1997surface,
  title={{Surface interpolation with radial basis functions for medical imaging}},
  author={Carr, Jonathan C and Fright, W and Beatson, Richard K},
  journal={Medical Imaging, IEEE Transactions on},
  volume={16},
  number={1},
  pages={96--107},
  year={1997},
  publisher={IEEE}
}

@inproceedings{carr2001reconstruction,
  title={{Reconstruction and representation of 3D objects with radial basis functions}},
  author={Carr, Jonathan C and Beatson, Richard K and Cherrie, Jon B and Mitchell, Tim J and Fright, W Richard and McCallum, Bruce C and Evans, Tim R},
  booktitle={{Proceedings of the 28th annual conference on Computer graphics and interactive techniques}},
  pages={67--76},
  year={2001},
  organization={ACM}
}

@inproceedings{langebrake2002design,
  title={{Design and initial results of a bottom stationing ocean profiler}},
  author={Langebrake, Lawrence C and Lembke, Chad E and Weisberg, Robert H and Byrne, Robert H and Russell, D Randy and Tilbury, Graham and Carr, Raymond},
  booktitle={{OCEANS'02 MTS/IEEE}},
  volume={1},
  pages={98--103},
  year={2002},
  organization={IEEE}
}

@inproceedings{werner2008real,
  title={{A real-aperture radar for ground-based differential interferometry}},
  author={Werner, Charles and Strozzi, Tazio and Wiesmann, Andreas and Wegmuller, U},
  booktitle={{Geoscience and Remote Sensing Symposium, 2008. IGARSS 2008. IEEE International}},
  volume={3},
  pages={III--210},
  year={2008},
  organization={IEEE}
}

@article{bjornsson2008icelandic,
  title={{Icelandic glaciers}},
  author={Bj{\"o}rnsson, Helgi and P{\'a}lsson, Finnur},
  journal={J{\"o}kull},
  volume={58},
  pages={365--386},
  year={2008}
}
@article{bjornsson1996scales,
  title={{Scales and rates of glacial sediment removal: a 20 km long and 300 m deep trench created beneath Brei{\dh}amerkurj{\"o}kull during the Little Ice Age}},
  author={Bj{\"o}rnsson, Helgi},
  journal={Annals of Glaciology},
  volume={22},
  pages={141--146},
  year={1996}
}

@article{bjornsson2001jokulsarlon,
  title={{J{\"o}kuls{\'a}rl{\'o}n at Brei{\dh}amerkursandur, Vatnaj{\"o}kull, Iceland: 20th century changes and future outlook}},
  author={Bj{\"o}rnsson, Helgi and P{\'a}lsson, Finnur and Gu{\dh}mundsson, Sverrir},
  journal={J{\"o}kull},
  volume={50},
  pages={1--18},
  year={2001}
}

@article{westerweel1993digital,
  title={{Digital particle image velocimetry: theory and application}},
  author={Westerweel, Jerry},
  year={1993},
  publisher={Delft University Press}
}

@article{adamczyk19882,
  title={{2-Dimensional particle tracking velocimetry (PTV): technique and image processing algorithms}},
  author={Adamczyk, AA and Rimai, L},
  journal={Experiments in fluids},
  volume={6},
  number={6},
  pages={373--380},
  year={1988},
  publisher={Springer}
}

@article{adrian2005twenty,
  title={{Twenty years of particle image velocimetry}},
  author={Adrian, Ronald J},
  journal={Experiments in fluids},
  volume={39},
  number={2},
  pages={159--169},
  year={2005},
  publisher={Springer}
}

@article{oliphant2007python,
  title={{Python for scientific computing}},
  author={Oliphant, Travis E},
  journal={Computing in Science \& Engineering},
  volume={9},
  number={3},
  pages={10--20},
  year={2007},
  publisher={AIP Publishing}
}
@article{hunter2007matplotlib,
  title={{Matplotlib: A 2D graphics environment}},
  author={Hunter, John D},
  journal={Computing in Science \& Engineering},
  volume={9},
  number={3},
  pages={0090--95},
  year={2007},
  publisher={IEEE Computer Society}
}

@article{rosenfeld1966sequential,
  title={{Sequential operations in digital picture processing}},
  author={Rosenfeld, Azriel and Pfaltz, John L},
  journal={Journal of the ACM (JACM)},
  volume={13},
  number={4},
  pages={471--494},
  year={1966},
  publisher={ACM}
}

@article{hardy1971multiquadric,
  title={{Multiquadric equations of topography and other irregular surfaces}},
  author={Hardy, Rolland L},
  journal={Journal of geophysical research},
  volume={76},
  number={8},
  pages={1905--1915},
  year={1971},
  publisher={Wiley Online Library}
}

@incollection{dracos1996particle,
  title={{Particle tracking velocimetry (PTV)}},
  author={Dracos, Th},
  booktitle={{Three-Dimensional Velocity and Vorticity Measuring and Image Analysis Techniques}},
  pages={155--160},
  year={1996},
  publisher={Springer}
}



@article{howat2008dynamic,
  title={{Dynamic controls on glacier basal motion inferred from surface ice motion}},
  author={Howat, Ian M and Tulaczyk, Slawek and Waddington, Edwin and Bj{\"o}rnsson, Helgi},
  journal={Journal of Geophysical Research: Earth Surface (2003--2012)},
  volume={113},
  number={F3},
  year={2008},
  publisher={Wiley Online Library}
}

@article{bradley2002flow,
  title={{Flow measurement in streams using video imagery}},
  author={Bradley, A Allen and Kruger, Anton and Meselhe, Ehab A and Muste, Marian VI},
  journal={Water Resources Research},
  volume={38},
  number={12},
  pages={51--1},
  year={2002},
  publisher={Wiley Online Library}
}


@article{fujita1998large,
  title={{Large-scale particle image velocimetry for flow analysis in hydraulic engineering applications}},
  author={Fujita, Ichiro and Muste, Marian and Kruger, Anton},
  journal={Journal of hydraulic Research},
  volume={36},
  number={3},
  pages={397--414},
  year={1998},
  publisher={Taylor \& Francis}
}


@techreport{ettema1997factors,
  title={{Factors influencing ice conveyance at river confluences}},
  author={Ettema, Robert and Muste, Marian and Kruger, Anton and Zufelt, Jon},
  year={1997},
  institution={DTIC Document}
}


@book{strang1997linear,
  title={{Linear algebra, geodesy, and GPS}},
  author={Strang, Gilbert and Borre, Kai},
  year={1997},
  publisher={Siam}
}

@book{numericalrecipes,
 author = {Press, William H. and Teukolsky, Saul A. and Vetterling, William T. and Flannery, Brian P.},
 title = {Numerical Recipes in C (2nd Ed.): The Art of Scientific Computing},
 year = {1992},
 isbn = {0-521-43108-5},
 publisher = {Cambridge University Press},
 address = {New York, NY, USA},
}
@techreport{orechovesky1996single,
  title={{Single Source Error Ellipse Combination.}},
  author={Orechovesky, Joseph R},
  year={1996},
  institution={DTIC Document}
}

@article{lay1993linear,
  title={{Linear algebra and its applications}},
  author={Lay, DC},
  journal={New York: Addison},
  year={1993}
}

@book{haug2012bayesian,
  title={{Bayesian Estimation and Tracking: A Practical Guide}},
  author={Haug, Anton J},
  year={2012},
  publisher={John Wiley \& Sons}
}

@article{creutin2003river,
  title={{River gauging using PIV techniques: a proof of concept experiment on the Iowa River}},
  author={Creutin, JD and Muste, M and Bradley, AA and Kim, SC and Kruger, A},
  journal={Journal of Hydrology},
  volume={277},
  number={3},
  pages={182--194},
  year={2003},
  publisher={Elsevier}
}

@article{brandon2013hydrographic,
  title={{Hydrographic measurements in J{\"o}kuls{\'a}rl{\'o}n lagoon, Iceland}},
  author={Brandon, Mark and Hodgkins, Richard and Bj{\"o}rnsson, Helgi and {\'O}laffson, J{\'o}n},
  year={2013}
}

@article{voytenko2014,
  title={{Multi-year observations of Brei{\dh}amerkurjökull, a marine-terminating glacier in southeastern Iceland, using Terrestrial Radar Interferometry}},
  author={Voytenko, Denis and Dixon, Timothy H and Howat, Ian M and Gourmelen, Noel and Lembke, Chad and Werner, Charles L and de la Peña, Santiago and Oddsson, Björn},
  journal={Journal of Glaciology},
  volume={61},
  number={225},
  pages={42-54},
  year={2015},
  publisher={International Glaciological Society}
}

@book{buhmann2003radial,
  title={{Radial basis functions: theory and implementations}},
  author={Buhmann, Martin Dietrich},
  volume={5},
  year={2003},
  publisher={Cambridge university press Cambridge}
}

@article{sutherland2014quantifying,
  title={{Quantifying flow regimes in a Greenland glacial fjord using iceberg drifters}},
  author={Sutherland, David A and Roth, George E and Hamilton, Gordon S and Mernild, Sebastian H and Stearns, Leigh A and Straneo, Fiammetta},
  journal={Geophysical Research Letters},
  year={2014},
  publisher={Wiley Online Library}
}

@article{holland2008acceleration,
  title={{Acceleration of Jakobshavn Isbrae triggered by warm subsurface ocean waters}},
  author={Holland, David M and Thomas, Robert H and De Young, Brad and Ribergaard, Mads H and Lyberth, Bjarne},
  journal={Nature Geoscience},
  volume={1},
  number={10},
  pages={659--664},
  year={2008},
  publisher={Nature Publishing Group}
}

@article{straneo2010rapid,
  title={{Rapid circulation of warm subtropical waters in a major glacial fjord in East Greenland}},
  author={Straneo, Fiammetta and Hamilton, Gordon S and Sutherland, David A and Stearns, Leigh A and Davidson, Fraser and Hammill, Mike O and Stenson, Garry B and Rosing-Asvid, Aqqalu},
  journal={Nature Geoscience},
  volume={3},
  number={3},
  pages={182--186},
  year={2010},
  publisher={Nature Publishing Group}
}

@article{caduff2014review,
  title={{A review of terrestrial radar interferometry for measuring surface change in the geosciences}},
  author={Caduff, Rafael and Schlunegger, Fritz and Kos, Andrew and Wiesmann, Andreas},
  journal={Earth Surface Processes and Landforms},
  year={2014},
  publisher={Wiley Online Library}
}

@inproceedings{werner2012gpri,
  title={{The GPRI multi-mode differential interferometric radar for ground-based observations}},
  author={Werner, Charles and Wiesmann, Andreas and Strozzi, Tazio and Kos, Andrew and Caduff, Rafael and Wegmiuler, Urs},
  booktitle={{Synthetic Aperture Radar, 2012. EUSAR. 9th European Conference on}},
  pages={304--307},
  year={2012},
  organization={VDE}
}

@inproceedings{schulz2012kinematics,
  title={{Kinematics of the Slumgullion landslide revealed by ground-based InSAR surveys}},
  author={Schulz, WH and Coe, JA and Shurtleff, BL and Panosky, J and Farina, P and Ricci, PP and Barsacchi, G},
  booktitle={{Proc. Landslides and Engineered Slopes: Protecting Society through Improved Understanding--the 11th International and 2nd North American Symposium on Landslides and Engineered Slopes, Banff (Canada)}},
  pages={3--8},
  year={2012}
}

@inproceedings{roedelsperger2013novel,
  title={{The novel FastGBSAR sensor: deformation monitoring for dike failure prediction}},
  author={Roedelsperger, Sabine and Coccia, Alex and Vicente, Daniel and Trampuz, Christian and Meta, Adriano},
  booktitle={{Synthetic Aperture Radar (APSAR), 2013 Asia-Pacific Conference on}},
  pages={420--423},
  year={2013},
  organization={IEEE}
}


@inproceedings{luzi2010advanced,
  title={{Advanced techniques for dam monitoring}},
  author={Luzi, G and Crosetto, M and Monserrat, O},
  booktitle={{II international congress on dam maintenance and rehabilitation, Zaragoza, Spain}},
  pages={23--25},
  year={2010}
}

@article{monserrat2014review,
  title={{A review of ground-based SAR interferometry for deformation measurement}},
  author={Monserrat, O and Crosetto, M and Luzi, G},
  journal={ISPRS Journal of Photogrammetry and Remote Sensing},
  volume={93},
  pages={40--48},
  year={2014},
  publisher={Elsevier}
}


@inproceedings{reeves2001slope,
  title={{Slope stability radar for monitoring mine walls}},
  author={Reeves, Bryan and Noon, David A and Stickley, Glen F and Longstaff, Dennis},
  booktitle={{International Symposium on Optical Science and Technology}},
  pages={57--67},
  year={2001},
  organization={International Society for Optics and Photonics}
}

@misc{ssr,
  author = {GroundProbe},
  title = {{Slope Stability Radar}},
  howpublished = {"\url{http://www.groundprobe.com/CMS/Plugins/BrochureandFlyer/files/1421043374-English-SSR-Flyer---12.01.15.pdf}"},
  year={2015 (Accessed April 6, 2015)}
}

@misc{fastgb,
  author = {MetaSensing},
  title = {{FASTGBSAR case study - Structural monitoring}},
  howpublished = {"\url{http://www.metasensing.com/wp/wp-content/uploads/2012/12/06FastGBSAR-RAR.pdf}"},
  year={2015 (Accessed April 6, 2015)}
}


